3090 5138
722 426 760 490 13

138 649 142 655 ·
192 635 221 676 τ.
246 613 283 694 λ,
310 611 346 678 in
367 613 388 678 b
411 613 524 681 codice
545 615 694 682 lacunam
716 637 750 701 ys
772 614 932 701 particula
954 617 995 680 ab
1015 614 1078 680 hoc
1098 615 1171 681 loco
1190 614 1296 680 aliena

190 723 357 811 expletam
401 745 487 807 ουτος
529 733 729 812 quapropter
767 725 914 790 Venetus
955 745 1066 790 veram
1118 723 1294 790 lectionem

190 826 270 920 ὁρᾷς
299 827 372 912 τάς
404 834 507 900 τῶνδε
543 859 571 900 τ.
601 835 629 900 λ.
660 857 726 900 11011
768 843 873 921 potest
905 857 972 900 non
1013 834 1160 900 hausisse
1198 855 1240 899 ex
1272 856 1295 898 x

195 940 333 1020 codice.v
374 943 534 1010 Similiter
567 944 687 1008 factum
712 953 778 1026 est,
801 952 838 1008 ut
861 943 902 1008 ib.
923 943 987 1008 484
1016 943 1189 1009 Ravennae
1218 965 1294 1007 cum

194 1049 412 1118 deterioribus
441 1051 610 1117 codicibus
644 1052 678 1117 in
701 1051 782 1116 falsa
801 1051 943 1116 lectione
967 1046 1024 1130 τὰς
1045 1045 1191 1133 κοχώνας
1207 1073 1293 1142 βου·

191 1159 324 1244 sentiat,
348 1183 431 1226 unus
445 1160 592 1225 Venetus
616 1182 726 1225 ueram
743 1161 899 1248 praebeat
921 1155 961 1224 τά
983 1155 1111 1242 κοχώνα
1127 1160 1163 1244 ¹).
1187 1161 1293 1225 Porro

195 1267 296 1356 Vesp.
310 1268 348 1332 21
373 1269 460 1352 quod
485 1293 558 1335 cum
581 1269 799 1334 deterioribus
822 1269 991 1335 codicibus
1003 1270 1176 1335 Ravennas
1193 1291 1296 1352 προς-

190 1379 282 1461 ερεῖ,
316 1399 400 1442 unus
434 1377 581 1442 Venetus
615 1400 727 1442 veram
759 1379 935 1444 lectionem
968 1381 1107 1463 προερεῖ
1146 1377 1292 1460 exhibet,

191 1487 277 1552 hanc
300 1487 448 1550 hausisse
472 1487 628 1552 dicendus
652 1487 714 1550 erit
737 1509 779 1552 ex
801 1487 917 1552 eodem
935 1512 958 1552 x
982 1486 1104 1552 codice.
1141 1485 1292 1552 Eundem

191 1596 227 1660 in
264 1595 398 1661 modum
435 1596 650 1682 explicandae
691 1605 766 1660 sunt
804 1595 947 1662 relicuas
984 1597 1089 1661 bonae
1124 1595 1293 1677 lectiones,

194 1689 442 1790 quaslvenetus
464 1705 498 1771 in
519 1705 640 1793 Vespis
666 1691 778 1770 contra
802 1705 1043 1770 consentientes
1067 1706 1291 1772 Ravennatem

192 1823 226 1878 et
248 1815 429 1879 deteriores
465 1814 591 1880 codices
625 1824 753 1896 tuetur3
778 1816 835 1880 has
866 1813 956 1880 dico:
987 1839 1017 1879 v.
1042 1815 1104 1878 334
1132 1817 1172 1902 τῇ
1200 1807 1291 1900 θάρᾷ

192 1943 252 2010 pro
274 1918 332 2000 τὰς
358 1917 472 2008 θύρας,
497 1947 527 1989 v.
543 1923 605 1988 384
628 1919 720 1989 ἔσται
733 1926 868 1988 τοιαῦτα
884 1947 943 2011 pro
965 1917 1005 1987 τά
1026 1925 1169 2000 τοιαῦτα,
1185 1921 1290 1986 1.386

192 2027 476 2111 κατακλαύσαντες
494 2027 771 2120 promatertera,
794 2057 825 2096 v.
839 2034 901 2098 472
925 2030 1083 2116 ἔλθοιμεν
1107 2055 1164 2120 pro
1188 2028 1294 2097 ἔλθω-

192 2167 263 2226 μεν,
285 2166 315 2206 v.
325 2143 390 2206 480
411 2133 544 2208 σούστὶν
568 2133 798 2228 ρ1οποάστὶν,
824 2165 854 2206 v,
869 2143 929 2206 501
954 2165 1029 2206 cum
1054 2141 1156 2208 Suida
1179 2163 1295 2224 τυραν-

192 2247 263 2317 νικά
287 2275 346 2340 pro
367 2249 549 2335 τυραννίδα,
583 2275 613 2316 r.
636 2251 699 2316 565
729 2250 803 2314 add.
825 2243 934 2334 άνιῶν,
961 2275 990 2316 v.
1016 2251 1077 2315 735
1098 2250 1173 2316 add.
1195 2249 1293 2323 ἔστιν,

194 2385 223 2424 v.
247 2361 308 2426 749
328 2359 361 2425 τί
380 2364 462 2448 βοᾷς
497 2383 555 2448 pro
580 2360 613 2426 τί
633 2386 689 2445 μοι
710 2364 814 2448 βοᾷς,
849 2385 877 2425 v.
901 2362 963 2426 806
998 2361 1121 2445 υι11.γ’,
1156 2384 1185 2426 v.
1211 2359 1292 2424 1064

190 2493 253 2534 om.
276 2493 323 2556 γε,
348 2495 379 2535 v.
408 2471 489 2536 1155
510 2473 670 2556 παραθοῢ
693 2471 813 2554 (scribe
839 2465 1012 2554 παράθου)
1039 2493 1097 2558 pro
1131 2465 1292 2553 κατάθου,

192 2603 223 2643 v.
247 2580 328 2644 1193
351 2575 539 2666 καθυτάτην
563 2580 683 2646 (scribe
700 2575 903 2666 βαθυτάτην)
925 2603 983 2667 pro
1006 2574 1198 2666 βαρυτάτην,
1219 2580 1292 2664 qui-

193 2691 253 2754 bus
276 2710 318 2752 ex
345 2687 459 2752 eadem
490 2689 600 2754 fabula
628 2691 699 2754 fero
737 2689 874 2754 totidem
907 2688 1029 2752 addere
1056 2689 1126 2776 ips'c
1159 2689 1291 2774 poteris.

193 2796 321 2866 Similia
345 2798 554 2902 siquaerore
578 2799 723 2864 volueris
757 2799 851 2863 etiam
886 2799 919 2862 in
942 2798 1076 2886 reliquis
1099 2798 1219 2862 fabulis
1242 2797 1295 2862 hic

193 2907 261 2972 illic
291 2911 440 2995 quamvis
479 2910 581 2974 multo
613 2909 737 2974 rariora
765 2934 788 2974 x
823 2908 942 2974 codicis
976 2908 1117 2995 vestigia
1137 2907 1294 2990 invenies,

193 3039 276 3101 quae
298 3041 384 3082 nunc
410 3039 560 3083 enarrare
586 3017 641 3082 vix
663 3040 783 3106 operae
806 3019 947 3104 pretium
972 3027 1028 3084 est.

293 3127 490 3192 Deteximus
524 3137 676 3212 quattuor
710 3127 797 3193 unde
818 3127 966 3192 Venetus
992 3128 1127 3192 haustus
1150 3135 1199 3190 est
1221 3128 1296 3191 fon-

193 3246 251 3303 tes.
297 3236 517 3317 Quaerentem
551 3259 630 3302 vero
656 3259 738 3324 quae
771 3235 854 3301 ratio
886 3236 921 3301 in
953 3236 1023 3322 ipso
1044 3235 1175 3301 Veneto
1208 3235 1295 3300 inter

193 3346 253 3410 hos
279 3347 386 3410 fontes
408 3345 591 3410 intercedat
615 3356 647 3409 ct
674 3371 692 3410 a
717 3368 780 3431 quo
804 3347 894 3412 fonte
925 3356 1055 3434 practer
1080 3356 1207 3410 cetoros
1229 3367 1294 3410 ma-

298 3555 324 3625 1)
342 3555 408 3609 Noli
425 3573 451 3609 v.
475 3558 527 3608 711
547 3555 601 3608 huc
623 3555 750 3620 trahere,
770 3556 818 3610 ubi
843 3573 927 3625 quam
946 3557 1069 3610 Venetus
1089 3558 1153 3623 post
1171 3553 1293 3622 διαβαλῶ

192 3653 327 3706 insertam
347 3651 432 3705 habet
449 3668 481 3720 γε
498 3651 645 3720 particula,
672 3668 736 3704 cum
756 3653 917 3706 summariis
936 3651 1039 3705 nonin
1059 3651 1180 3718 διαβαλῶ
1200 3648 1295 3702 sedin

193 3748 307 3800 πλείονα
325 3745 401 3809 insit,
423 3745 530 3799 abhoc
550 3746 612 3798 loco
634 3745 724 3799 aliena
745 3750 796 3799 est.
834 3746 892 3800 Hac
910 3746 944 3799 de
964 3762 1047 3800 causa
1065 3744 1133 3797 milri
1151 3761 1208 3798 non
1225 3761 1295 3812 pro·

194 3843 334 3897 beverunt
352 3843 477 3898 homines
505 3843 661 3897 doctissimi
675 3843 855 3912 Bergkius
875 3842 964 3912 (ed.1)
982 3839 1058 3913 κάγὼ
1078 3843 1112 3896 δέ
1122 3843 1148 3895 τ’
1166 3839 1232 3912 aya
1249 3845 1296 3894 καὶ

194 3940 317 4009 διαβαλῶ
342 3958 380 4010 γε
405 3941 519 3995 πλείονα
543 3939 587 3993 vel
605 3939 658 4008 (ed.
678 3939 714 4009 11)
743 3935 819 4008 κάγὼ
847 3940 882 3993 δέ
903 3943 927 3991 α’
949 3938 1061 3992 ἓλκων
1080 3938 1237 4006 διαβαλῶ
1256 3955 1297 4006 γε

194 4039 316 4102 πλείονα,
336 4036 523 4106 Sauppius
552 4031 629 4106 κάγὼ
654 4037 689 4090 δέ
705 4041 799 4106 σέγε
818 4040 863 4088 καὶ
883 4037 1004 4105 διαβαλῶ
1021 4053 1062 4105 γε
1092 4038 1205 4088 πλείονα
1224 4033 1296 4088 scri·
1346 4021 1349 4027 ¹

117 4195 121 4201 ¹
192 4133 314 4188 bendum
343 4150 411 4198 esse,
435 4133 523 4187 multo
541 4149 608 4188 vero
639 4133 723 4186 etiam
753 4133 845 4186 minus
872 4132 941 4186 mihi
964 4131 1122 4186 Kockius
1148 4132 1296 4200 persuasit,

194 4231 268 4300 quod
296 4229 351 4299 ipsi
381 4229 410 4282 in
435 4233 556 4284 mentem
574 4229 659 4294 venit,
684 4225 761 4299 κάγὼ
781 4230 816 4283 δέ
841 4231 866 4282 σ’
886 4229 951 4289 ἕλξω
980 4229 1100 4298 διαβαλῶ
1131 4245 1164 4280 τε
1181 4229 1295 4281 πλείονα

194 4327 411 4400 Aristophanem
430 4327 585 4398 scripsisse.
