3090 5138
727 431 768 498 37

198 613 361 680 diversam
384 636 456 680 esse
479 613 640 681 rationem
662 636 759 680 nemo
794 635 861 680 non
892 614 1070 702 intellegit
1111 612 1181 683 Sed
1216 613 1298 680 haec

198 723 385 790 emendatio
408 749 476 791 non
497 725 604 790 solum
630 746 697 792 non
719 724 904 792 necessaria
926 746 998 792 esse
1019 723 1162 808 ridetur,
1182 745 1297 790 rerum

196 831 296 898 etiam
312 844 425 920 aperte
439 833 520 898 falsa
532 844 592 898 cst.
615 833 739 900 Eadem
762 835 850 900 enim
861 832 1006 900 emnium
1023 832 1210 920 quicunque
1230 831 1296 898 huo

196 943 363 1031 pertinent
374 944 520 1008 locorum
533 944 720 1031 congeries,
733 945 768 1009 in
781 967 844 1033 qua
855 943 1014 1027 nituntur,
1035 963 1118 1028 quae
1131 965 1231 1032 supra
1253 941 1297 1008 de

197 1047 312 1137 ὥσπερ
333 1053 514 1140 particulae
536 1077 597 1120 usu
626 1052 873 1142 disputavimus,
895 1054 991 1120 etiem
1015 1053 1078 1119 hoc
1100 1073 1153 1120 me
1177 1051 1297 1136 docuit,
1335 1058 1339 1066 '

198 1161 456 1250 Aristophanem
488 1163 690 1230 substantivo
713 1185 787 1230 curn
810 1155 924 1248 deriso
955 1161 1129 1228 coniuncto
1153 1150 1200 1226 ὧν
1222 1183 1298 1251 par·

196 1271 346 1360 ticipium
374 1271 555 1358 adiungere
585 1273 749 1358 noluisse,
771 1273 830 1338 scd
859 1268 974 1356 ὥσπερ
1008 1293 1083 1338 cum
1111 1269 1201 1336 nudo
1232 1293 1298 1336 ma-

195 1380 296 1446 luisse
316 1381 517 1466 coniungere
537 1382 754 1448 substantivo.
778 1380 847 1449 Sed
859 1391 896 1448 ut
916 1381 992 1447 huic
1015 1379 1221 1448 coniecturae
1242 1377 1299 1446 lox

196 1513 293 1578 quam
318 1490 388 1578 ipse
412 1499 508 1578 poeta
539 1490 601 1556 sibi
623 1491 772 1581 scripsit,
796 1493 842 1558 ita
865 1483 1040 1574 Meinelrii‚
1064 1514 1083 1556 a
1104 1511 1168 1576 qua
1189 1486 1298 1556 exorsi

197 1623 325 1680 sumus,
362 1599 426 1664 alia
458 1599 515 1664 lex
552 1601 679 1685 obstat,
725 1624 820 1690 quam
851 1612 908 1686 tu,
942 1601 968 1667 si
1012 1600 1047 1666 in
1071 1598 1297 1688 Aristophane

197 1709 346 1774 criticum
379 1730 480 1794 agere
501 1709 663 1792 volneris,
683 1709 770 1776 bene
791 1733 870 1798 ages
894 1710 921 1776 si
943 1709 1064 1795 ubique
1096 1707 1295 1774 observabis.

197 1809 282 1900 Cum¹
318 1811 404 1882 enim
438 1818 473 1883 in
507 1818 737 1906 Aristophanis
777 1819 909 1886 dicendi
948 1841 1009 1886 usu
1053 1817 1118 1884 dici
1155 1825 1296 1902 nequeat
1374 1881 1377 1888 ,

199 1937 319 2015 quanta
344 1927 385 1992 sit
408 1929 599 2012 constantia,
621 1951 689 2016 non
720 1929 824 1996 solum
846 1929 1025 1998 cavendnm
1053 1937 1112 2014 est,
1134 1949 1187 2009 no,
1209 1925 1296 2013 quod

198 2037 239 2101 ab
264 2059 324 2100 usu
349 2019 465 2125 poetae
498 2037 680 2122 abhorreat,
700 2039 754 2104 rel
776 2062 795 2104 a
817 2037 984 2106 codicibus
1004 2036 1160 2130 traditum
1186 2047 1296 2102 tenea-

199 2168 271 2212 mus
301 2146 355 2210 vcl
387 2147 475 2212 ultro
510 2147 718 2234 recipiamus,
754 2169 867 2216 rerum
902 2147 1017 2234 etiem,
1050 2169 1109 2233 ne,
1145 2145 1230 2236 quod
1267 2145 1298 2212 ei

195 2255 337 2342 egregie
361 2256 548 2342 conveniat,
580 2257 646 2324 levi
675 2257 783 2322 animo
813 2279 1049 2324 removeamus.
1095 2255 1196 2344 Atqui
1218 2246 1297 2340 ἀνήρ

199 2362 352 2428 vocabuli
383 2386 456 2429 cum
478 2362 581 2450 γέρων
603 2364 787 2432 coniunctio
809 2363 897 2453 apud
919 2363 1173 2450 Aristophanem
1197 2364 1299 2430 usita-

198 2471 322 2537 tissima
346 2483 411 2556 est,
436 2473 502 2540 vid.
524 2465 603 2562 ἀνὴρ
624 2473 727 2561 γέρων
747 2474 828 2541 Ran.
853 2473 922 2540 139.
945 2472 1031 2540 Plut.
1050 2472 1121 2554 bbb,
1147 2471 1299 2562 γέροντας

197 2574 316 2669 ῧνδρας
337 2584 423 2651 Ach.
438 2585 509 2665 679,
529 2582 678 2672 γέροντες
697 2574 813 2672 ἄνδρες
828 2581 912 2650 Plut.
929 2582 1001 2666 628,
1022 2580 1125 2669 γέρων
1146 2572 1226 2672 ἀνήρ
1250 2582 1293 2648 ib.

200 2693 288 2760 1066.
330 2692 421 2781 Ergo
449 2692 602 2780 γέροντας
635 2683 754 2780 ἄνδρας
781 2692 956 2760 tuebimur.
1008 2689 1293 2780 Circumspicienti

197 2823 277 2870 vero
310 2825 373 2890 quo
405 2802 467 2867 alio
498 2801 657 2868 vocabulo
691 2811 823 2868 extruso
857 2791 952 2880 darec
984 2801 1017 2869 in
1048 2799 1134 2867 huno
1165 2821 1294 2869 versum

197 2910 311 2977 reduci
333 2911 449 2999 possit,
470 2935 526 2978 sua
550 2920 666 2999 sponte
689 2909 776 2978 ἐστιν
799 2910 959 2994 occurrit,
987 2909 1071 3000 quod
1096 2909 1184 2998 apud
1205 2904 1302 2991 εἰκός.

196 3009 269 3086 iere
289 3020 458 3103 omittitur,
482 3030 515 3086 et
535 3021 597 3086 hoc
617 3021 690 3086 loco
710 3021 744 3086 in
766 3020 955 3088 Rauennate
975 3019 1095 3088 frustra
1116 3017 1292 3110 quaeritur.

197 3129 312 3218 Itaque
333 3130 390 3196 vix
411 3129 551 3196 dubitari
572 3139 691 3218 potest,
715 3129 793 3216 quin
815 3129 1054 3217 Aristophanes
1076 3129 1262 3220 scripserit:

321 3233 367 3319 ὥς
387 3235 478 3319 εἰκὸς
501 3231 521 3306 ii
528 3262 625 3318 ντας
648 3231 806 3320 ἀσθενεῖς
829 3238 982 3327 γέροντας
1002 3228 1121 3324 iivdocc
1143 3229 1213 3328 ἤδη.
1235 3277 1274 3288 -

295 3349 419 3434 Eadem
452 3348 647 3416 emendandi
678 3351 731 3415 via
760 3348 977 3438 ingredienda
1000 3359 1049 3416 est
1071 3347 1181 3418 Plut.
1204 3348 1295 3435 1122,

196 3460 252 3528 ubi
278 3460 378 3546 vulgo
398 3459 539 3546 legitur:

321 3562 464 3654 ἰσχάδας,
485 3563 534 3639 iio’
558 3563 646 3649 εἰκός
667 3567 754 3637 ἔστιν
776 3563 895 3657 Ἑρμῆν
919 3567 1055 3636 ἐσθίειν.

296 3679 448 3766 Apparet
478 3677 565 3744 enim
597 3678 801 3744 enuntiatum
825 3677 912 3768 quod
944 3686 994 3745 est
1016 3673 1065 3746 δυ’
1089 3671 1177 3758 εἰκός
1207 3673 1296 3770 iopas

194 3760 313 3874 Ἕᾎμῆν
344 3786 472 3854 ἐσθίειν
503 3811 522 3851 a
552 3797 650 3876 poeta
683 3787 758 3854 ideo
797 3787 960 3853 adiectum
993 3807 1086 3871 esse,
1120 3796 1155 3853 ut
1188 3786 1296 3852 omnin

198 3918 411 3985 quaecunque
443 3897 572 3984 reliqua
606 3906 716 3964 essent
747 3898 892 3964 breviter
923 3895 1295 3986 comprehenderentur.

197 4005 239 4071 In
263 3985 482 4073 talibus'vero
506 4005 854 4092 comprehensionibus
876 4005 955 4092 quid
974 4028 1051 4073 usus
1067 4004 1295 4092 Aristophanis

196 4115 349 4204 postulet,
371 4136 414 4181 ex
435 4115 487 4182 his
511 4115 672 4203 exemplis
686 4114 768 4182 disci
781 4123 904 4204 potest:
927 4113 1088 4183 Placete
1109 4113 1164 4182 καὶ
1179 4103 1293 4181 vdtt’

197 4221 250 4294 do’
274 4225 362 4293 ἐστὶν
383 4221 478 4292 ἔνδον
499 4217 756 4312 ηὐτρεπισμένα,
774 4225 863 4292 Eccl.
879 4225 942 4293 598
964 4220 1023 4316 τὴν
1043 4228 1102 4315 γῆν
1121 4218 1294 4312 πρώτιστα

196 4329 327 4424 ποιήσω
358 4331 469 4422 κοινὴν
500 4330 633 4402 πάντων
657 4335 714 4402 καὶ
742 4326 923 4422 τᾶγροίκων
951 4335 1005 4402 καὶ
1036 4325 1139 4402 citt
1176 4329 1292 4404 drrdo’
