3090 5138
713 450 755 516 23

182 634 268 700 rivio
289 635 444 722 praesint,
458 635 663 702 Philoclconi
678 638 759 726 patri
782 648 935 724 exponat,
957 659 1096 726 eumque
1118 647 1153 702 ut
1170 659 1277 703 coram

181 744 227 808 cis
250 747 332 810 bene
355 754 465 812 cantet
487 745 538 810 his
558 747 666 812 verbis
689 747 879 814 admoneat:

304 849 434 933 τούτοις
453 852 558 937 ξυνών
576 852 617 921 τὰ
639 851 739 922 σκόλι’
766 852 860 936 ὅπως
879 856 964 939 δέξει
986 857 1101 935 καλῶς,

179 964 206 1030 is
227 985 306 1028 vero
329 964 413 1030 hanc
434 965 689 1030 admonitionem
710 987 809 1051 aegre
836 967 918 1031 ferat
935 975 968 1030 ct
989 989 1100 1032 ornnes
1126 966 1278 1032 Diacrioo

178 1073 210 1136 in
234 1073 393 1138 cantando
415 1095 450 1138 so
472 1083 699 1161 superaturum
725 1097 796 1140 esse
820 1076 990 1160 glorietur.
1024 1075 1078 1144 Illi
1102 1075 1188 1142 onim
1211 1076 1278 1141 irao

180 1183 374 1247 indicandae
399 1183 520 1270 optimo
542 1173 666 1268 δίληδες
687 1185 881 1250 vocabulum
903 1186 1041 1250 inservit
1061 1185 1127 1250 vid.
1149 1184 1278 1250 Kook.

178 1291 218 1357 ad
243 1293 329 1359 Nub.
353 1295 412 1360 841
441 1303 473 1359 et
497 1294 539 1358 ad
562 1295 625 1359 Av.
651 1296 718 1359 174.
745 1302 787 1360 l'a
811 1316 890 1360 vero
912 1295 1070 1383 particula
1093 1319 1189 1382 quam
1210 1317 1277 1359 ser-

179 1401 315 1466 vandam
350 1425 422 1468 csse
444 1402 656 1466 iudicavimus
678 1426 812 1490 prorsus
845 1425 886 1468 cx
915 1425 1004 1468 more
1026 1403 1139 1468 addita
1161 1413 1210 1469 est
1235 1405 1278 1470 cf.

180 1510 263 1575 Plut.
283 1512 340 1575 901
367 1506 406 1576 ori
430 1505 608 1596 φιλόπολις
629 1511 683 1576 καὶ
704 1506 861 1598 χρησιόςς
880 1548 922 1560 -·-
942 1508 987 1590 (ὃς
1009 1505 1164 1600 αδδει’ςρ’
1188 1505 1278 1599 cirtio.

181 1622 255 1688 Nou
287 1622 400 1688 dubito
431 1623 543 1707 igitur,
575 1624 652 1707 quin
676 1624 716 1688 ab
746 1623 832 1688 omni
863 1631 955 1711 parte
980 1631 1084 1688 tutum
1119 1623 1162 1688 sit
1191 1623 1278 1709 quod

177 1733 344 1819 posuimus
374 1735 471 1800 huius
503 1758 616 1801 versus
650 1735 850 1800 membrum:
874 1724 1017 1819 ἄληθες,
1047 1727 1092 1810 aig
1115 1723 1222 1810 αδδείς
1243 1755 1278 1816 γε

178 1842 342 1930 Διακρίων
365 1869 446 1929 α-,
474 1847 523 1911 cui
559 1846 585 1912 si
608 1845 820 1931 probabiliter
852 1843 1068 1908 adiecerimus
1102 1841 1275 1916 iambicum

177 1952 309 2040 aliquod
330 1955 536 2036 vocabulum,
559 1977 666 2039 omne,
690 1955 816 2042 opinor,
841 1941 996 2042 punctum
1016 1951 1198 2018 tulerimus.

279 2063 336 2127 Ad
357 2084 488 2128 versum
519 2064 572 2150 qui
604 2063 751 2150 sequitur
772 2059 846 2148 ἐγώ
875 2057 1057 2145 εἴσομαι·
1080 2060 1133 2125 καί
1155 2055 1194 2147 δὴ
1216 2055 1275 2146 γὰρ

177 2165 241 2254 εἴμ’
265 2166 327 2256 ἐγώ
348 2171 466 2236 Κλέων
486 2172 713 2237 Richterus
735 2172 815 2236 haec
840 2171 1025 2236 adnotavit:
1050 2169 1166 2254 „Libet
1188 2168 1275 2252 syni·
1341 2235 1344 2244 ,

177 2280 259 2347 rosis
283 2281 436 2368 exempla
464 2303 529 2345 non
559 2282 604 2351 ita
626 2304 699 2344 rara
733 2279 819 2366 apud
844 2280 948 2345 Arist.
973 2279 1056 2361 sint,
1089 2277 1279 2366 scripserim

177 2398 285 2454 tanren
306 2384 390 2470 τάχ’
413 2383 582 2472 εἴσομαι
604 2411 663 2474 pro
688 2384 750 2473 ayo
772 2382 852 2453 ai'of‘
899 2387 941 2453 Ni
966 2387 1073 2468 fallor,
1098 2389 1195 2453 homo
1219 2387 1275 2452 do-

177 2497 339 2564 ctissimus
359 2519 490 2564 sensum
510 2497 673 2582 quendam
689 2497 757 2562 veri
780 2497 958 2562 rectissime
974 2497 1037 2562 hoc
1053 2497 1127 2561 loco
1146 2506 1278 2562 secutus

176 2617 236 2690 est,
259 2609 317 2673 sed
343 2608 447 2672 acrius
471 2607 659 2702 instandum
683 2617 760 2672 crat.
806 2605 1004 2692 Negandum
1027 2616 1097 2672 erat
1118 2607 1187 2672 ullo
1210 2606 1275 2672 alio

177 2718 250 2782 loco
280 2717 366 2804 apud
389 2717 645 2804 Aristophanem
670 2754 712 2764 -
734 2741 760 2780 ω
784 2717 935 2781 vocalem
968 2740 1043 2782 cum
1066 2713 1096 2783 εἰ
1118 2753 1160 2765 -
1181 2715 1279 2805 diph-

178 2826 301 2908 thongo
334 2826 377 2889 ita
399 2848 615 2908 concurrere,
645 2833 681 2889 ut
710 2825 766 2890 illa
795 2825 850 2889 vol
884 2849 958 2890 cum
983 2826 1044 2891 hac
1079 2825 1279 2890 coalesceret

178 2935 231 2999 vol
262 2935 492 3022 corriperetur.
526 2935 578 3001 Ne
610 2935 696 3022 apud
724 2934 869 3020 tragicos
905 2934 1041 3018 quidem
1074 2935 1147 3000 talis
1182 2956 1278 3019 quam

177 3043 258 3108 dicit
289 3045 446 3127 synizesis
477 3044 642 3110 invenitur
674 3045 736 3110 nisi
759 3044 880 3132 Soph.
905 3044 990 3110 Phil.
1009 3043 1073 3109 585
1096 3037 1170 3128 ἐγώ
1194 3041 1272 3126 εἰμ’

176 3144 357 3242 Ἀτρείδαις
383 3149 557 3240 δυσμενής·
584 3139 680 3232 οὗτος
702 3153 738 3219 δέ
758 3178 832 3238 μοι,
856 3153 910 3238 qui
933 3155 1023 3218 locus
1049 3152 1273 3217 emendandus

178 3273 236 3328 est.
281 3262 370 3346 Quid
392 3263 504 3329 cuim?
529 3287 605 3328 num
630 3273 664 3327 tu
686 3274 780 3351 putas
804 3262 1004 3350 Sophoclem
1037 3262 1162 3327 duobus
1185 3262 1274 3326 dein·

176 3393 254 3457 ceps
279 3371 429 3436 versibus
452 3363 619 3457 Ἀτρείδας
642 3371 713 3458 ipso
742 3371 874 3438 nomine
899 3371 1140 3460 appellaturum
1163 3370 1276 3453 fuisse,

177 3503 250 3546 cum
274 3481 383 3570 priore
405 3502 501 3546 acrsu
523 3482 715 3569 pronomine
736 3482 782 3546 uti
804 3481 944 3547 liceret?
965 3480 1037 3566 Ego
1056 3480 1190 3566 quidem
1207 3503 1273 3545 non

178 3590 292 3655 dubito
316 3590 395 3676 quin
417 3613 448 3655 v.
467 3592 529 3657 585
550 3583 731 3676 Ἀτρείδαις
752 3593 862 3677 glossa
886 3591 927 3656 sit
951 3589 1179 3678 etSophoclcs
1200 3589 1278 3655 scri·
1340 3659 1343 3666 Δ

179 3699 296 3784 pserit:

301 3803 364 3894 ἐγώ
385 3831 486 3898 σφιν
512 3805 580 3892 εἶμί
600 3804 774 3895 δυσμενής·
798 3792 894 3887 οὗτος
917 3807 958 3873 δέ
977 3831 1036 3891 μοι

301 3918 398 4004 φίλας
420 3917 581 4004 μέγιστος,
606 3912 708 3982 οὕνεκ’
733 3916 900 4002 Ἀτρείδας
922 3921 1042 4002 στυγεῖ.

277 4028 392 4111 Itaque
417 4029 589 4094 Richterus
610 4051 677 4093 non
699 4028 840 4092 debebat
864 4027 1024 4112 dubitare,
1049 4028 1126 4115 quin
1150 4029 1278 4114 Vespa-

182 4158 256 4200 rum
280 4136 337 4200 illo
360 4158 472 4202 versus
497 4137 799 4222 corruptusesset.
833 4135 902 4201 Sed
939 4136 1022 4202 bene
1056 4138 1278 4227 excogitatum

179 4253 249 4330 est,
287 4245 373 4333 quod
408 4248 634 4332 reponendum
666 4248 759 4314 duxit
792 4243 1035 4332 τάχ’,είίιαμαι
1087 4247 1163 4314 Hoc
1193 4247 1279 4316 enim

179 4377 276 4443 quam
303 4353 444 4420 maximo
470 4357 659 4445 requiritur,
685 4367 721 4423 ut
745 4357 926 4445 Brlelyclco
950 4358 1033 4447 patri
1058 4357 1202 4445 glorioso
1225 4380 1279 4424 rc-
