3090 5138
742 440 762 506 5

202 633 412 698 Hermannus
433 629 581 696 Koekius
605 627 979 715 Bergkius'Meinekius,
997 627 1163 712 praeferre
1186 633 1304 712 potue-

202 742 269 807 rint
291 741 488 808 Ravennatis
514 749 546 806 et
566 739 686 805 Veneti
708 759 915 805 communem
936 737 1021 800 hano
1042 736 1257 822 scripturam:

325 845 409 934 ὅπερ
432 845 463 915 οῖ
488 847 673 934 προτένθαι
693 844 752 934 γαρ
777 849 912 915 δοκοῦσι’
934 873 992 932 μοι
1014 852 1152 912 ποιεῖν

203 960 279 1026 huie
303 969 487 1024 ceterorum
512 959 660 1024 codicum
683 959 838 1023 lectioni:

333 1063 416 1152 ὅπερ
440 1063 470 1132 οῖ
494 1066 678 1152 προτένθαι
702 1063 761 1154 γὰρ
782 1066 918 1133 δοκοῦσι’
938 1093 995 1150 μοι
1017 1071 1181 1131 παθεῖν

283 1175 369 1241 Nam
393 1177 478 1264 quod
499 1177 711 1242 Hermannus
735 1176 858 1242 monuit
882 1179 994 1242 ποιεῖν
1016 1177 1057 1240 ab
1080 1174 1240 1262 imperitis
1263 1175 1299 1238 li-

201 1285 318 1351 brariis
349 1287 383 1350 in
408 1287 469 1350 hae
504 1285 582 1350 sede
606 1286 759 1351 facillime
794 1285 910 1349 mutari
943 1285 1087 1372 petuisse
1110 1285 1301 1368 innodata,

201 1395 261 1461 etsi
287 1395 411 1460 homini
434 1395 622 1460 doctissimo
646 1395 758 1481 largiri
781 1419 964 1482 possumus,
990 1404 1097 1460 tamen
1112 1395 1205 1460 nobis
1228 1417 1300 1458 eon-

202 1504 384 1570 cedendum
400 1488 473 1588 erit,
498 1505 524 1568 si
540 1505 732 1570 alterutrum
750 1505 982 1592 interpolatum
1004 1514 1063 1584 est,
1085 1505 1186 1568 multo
1203 1504 1300 1568 maio-

199 1635 272 1678 rem
301 1613 560 1701 interpolationis
594 1613 736 1699 speeiem
758 1618 979 1700 ποιεῖνρτοο
1010 1635 1045 1677 se
1082 1614 1167 1678 ferre
1204 1637 1299 1698 quam

199 1726 336 1788 παθεῖν.
369 1722 513 1787 Accedit
543 1723 630 1808 quod
654 1726 781 1787 παθεῖν
803 1722 1035 1810 Aristophanis
1058 1724 1130 1787 usui
1163 1723 1299 1808 egregie

201 1831 375 1914 convenit,
400 1831 441 1896 ef.
464 1831 603 1896 Teuffel.
629 1831 670 1896 ad
704 1853 733 1894 τ.
750 1830 821 1896 234.
847 1831 1028 1914 Postremo,
1052 1831 1086 1895 id
1109 1833 1196 1918 quod
1230 1854 1299 1896 rem

201 1940 353 2025 conficit,
386 1941 439 2026 qui
464 1950 620 2006 secuntur
644 1940 755 2006 aoristi
779 1935 956 2028 depredatura
978 1979 1018 1987 -
1032 1933 1300 2026 προύτένθευσαν

201 2051 377 2139 postulant,
398 2061 434 2116 ut
456 2051 551 2115 etiam
574 2051 636 2115 hoe
660 2073 755 2115 versu
779 2051 917 2115 aoristus
939 2051 1077 2135 legatur.
1102 2050 1220 2137 Neque
1236 2052 1298 2116 hoe

199 2161 269 2227 solo
305 2161 378 2225 loeo
404 2143 576 2228 Ravennas
605 2169 637 2224 et
661 2160 807 2225 Venetus
840 2160 1026 2246 interpolati
1057 2170 1150 2242 sunt,
1185 2183 1299 2225 verum

198 2271 299 2336 etiam
318 2294 348 2332 v.
366 2270 457 2354 1298,
476 2270 532 2334 ubi
556 2293 628 2334 cum
650 2269 750 2334 ceteri
766 2268 896 2334 cedices
917 2269 1099 2332 rectissime
1122 2269 1299 2334 exhibeant

178 2368 181 2373 ¹
200 2367 227 2444 ei
244 2374 409 2468 σαμφόρα,
430 2379 462 2443 hi
479 2380 550 2445 'duo
573 2379 727 2465 seriptum
742 2379 863 2443 habent
881 2363 907 2440 oi
928 2377 1049 2459 Παοία,
1067 2402 1163 2464 quam
1178 2380 1298 2444 malam

198 2489 506 2575 interpretationem
537 2511 607 2554 esse
643 2489 805 2554 nominem
838 2488 934 2573 fugit.
977 2487 1053 2553 Non
1079 2489 1182 2574 magis
1219 2511 1297 2554 vero

199 2619 294 2684 quam
318 2598 399 2662 haee
422 2596 708 2683 interpolationem
741 2597 925 2660 communio
947 2595 1034 2660 casui
1059 2595 1157 2661 tribui
1189 2608 1297 2685 potest

197 2708 384 2772 eommunia
408 2705 697 2794 transpositionem
712 2706 913 2793 quarundam
936 2716 968 2789 et
993 2707 1203 2791 lacunarum3
1222 2730 1296 2772 nam

197 2837 239 2880 ne
262 2815 358 2881 huius
390 2816 522 2902 quidem
548 2801 700 2879 vitiorum
725 2815 854 2900 generis
888 2816 1040 2904 exempla
1067 2817 1194 2881 desunt.
1240 2817 1295 2884 Sic

197 2949 227 2990 v.
248 2927 307 2990 601
332 2925 503 2990 Ravennas
534 2934 566 2988 et
588 2925 735 2990 Venetus
766 2924 923 2989 exhibent
956 2928 1077 3010 ταῦρος
1097 2922 1214 3012 τραγὸς
1236 2950 1294 3013 pro

195 3028 313 3118 τραγὸς
336 3036 455 3117 ταῦρος
468 3084 476 3115 ,
499 3058 529 3098 v.
556 3034 636 3097 1164
661 3030 802 3099 ἔνδοθεν
822 3033 945 3118 τρέχων
972 3056 1030 3122 pro
1058 3033 1181 3118 τρέχων
1204 3032 1296 3100 ένδο-

197 3147 270 3221 θεν,
295 3165 326 3208 v.
343 3143 425 3207 1384
446 3134 505 3208 oria
527 3133 567 3206 ι’ῖν
590 3165 649 3230 pro
672 3136 711 3206 dv
733 3135 800 3220 oria,
824 3165 854 3206 v.
872 3144 948 3212 1081
974 3139 1019 3221 οῖς
1040 3139 1164 3228 ἔρωτός
1184 3169 1219 3209 τε
1242 3146 1296 3212 καῖ

195 3256 353 3340 γυναικοῖν
375 3249 482 3340 ἥττων
495 3277 555 3341 pro
585 3249 630 3331 aig
651 3248 757 3338 ἥττων
788 3249 912 3336 έρωτος
943 3252 1012 3318 ἐστὶ
1045 3254 1100 3319 καὶ
1119 3259 1294 3339 perstatim

197 3364 317 3428 omissa
338 3373 413 3428 sunt
434 3363 467 3428 in
497 3373 635 3449 utroque
666 3362 890 3447 monosyllaba
915 3387 946 3427 v.
972 3363 1051 3427 1086
1079 3359 1125 3441 ἂν,
1158 3387 1188 3429 v.
1214 3365 1294 3429 1198

195 3471 265 3558 γὰρ,
280 3496 309 3538 ν.
326 3473 403 3537 1231
421 3465 500 3556 ἄλλ’,
515 3496 545 3536 ν.
561 3473 640 3537 1499
652 3472 715 3556 καὶ,
726 3495 756 3536 v.
774 3473 856 3538 1510
870 3495 915 3558 ys,
932 3472 1094 3558 bisylleba
1106 3498 1134 3539 v.
1144 3474 1205 3539 838
1218 3500 1295 3561 χρη-

195 3578 274 3650 στὸν
299 3581 401 3665 (quod
420 3581 612 3646 Dindorfius
635 3581 876 3669 praetermisit),
897 3605 927 3645 v.
942 3581 1002 3646 929
1024 3585 1149 3660 τοῦτον,
1168 3607 1196 3644 v.
1214 3583 1294 3648 1006

195 3692 309 3778 λευκῷ,
335 3715 365 3758 v.
388 3690 468 3754 1048
491 3689 621 3755 παίδων
655 3691 752 3770 (falso
788 3689 873 3754 onim
901 3690 1093 3756 Dindorfins
1126 3691 1293 3757 adnotavit

196 3801 301 3866 solum
315 3801 542 3866 Ravennatem
557 3800 618 3864 hoe
637 3802 833 3865 vocabulum
849 3803 1027 3886 omittere),
1048 3826 1078 3866 v.
1094 3803 1170 3866 1361
1190 3800 1292 3869 ἔνδον.

196 3908 425 3996 Colophonem
457 3908 547 3973 addit
578 3908 664 3995 qnod
697 3909 760 3974 dno
790 3932 902 3976 versus
933 3911 1056 3998 integri
1088 3913 1122 3976 in
1154 3922 1292 4000 utroque

198 4018 312 4083 codiee
335 4017 445 4084 omissi
468 4027 551 4101 sunt,
573 4041 604 4082 v.
629 4017 687 4080 114
709 4028 741 4083 et
763 4043 792 4084 v.
817 4021 907 4083 1100.

293 4127 346 4192 Ex
368 4127 525 4214 Vespis
556 4126 582 4193 si
603 4121 741 4191 'leviora
776 4128 926 4193 omittere
951 4129 1105 4213 raineria,
1134 4129 1175 4193 ad
1204 4129 1292 4194 Her-

194 4235 302 4300 manni
338 4236 530 4299 sententiam
563 4236 819 4301 confirmandam
851 4237 983 4302 adferre
1013 4239 1133 4325 poteris
1164 4240 1290 4304 Raven-

194 4355 303 4408 natem
331 4354 363 4408 et
388 4344 551 4408 Venetum
576 4345 738 4410 communi
769 4346 847 4410 vitio
871 4371 900 4411 v.
925 4349 986 4412 577
1021 4347 1176 4414 exhibere
1200 4339 1291 4434 ἄχρις
