3090 5138
720 441 760 506 27

312 634 393 700 Ran.
426 631 505 697 1220
538 623 699 717 Εὐριπίδη
722 669 759 678 -
785 630 817 694 al
850 627 945 707 shen-
981 665 1018 675 -
1051 623 1198 715 ὑφέσθαι
1231 646 1286 706 μοι

993 738 1085 804 δοκεῖ
1100 738 1139 818 1).

294 853 349 921 Sic
384 854 471 918 enim
494 851 678 920 Meinolrius
703 851 762 915 hos
790 850 878 914 locos
901 847 1039 935 scripsit.
1084 847 1131 912 At
1155 843 1289 922 clamas,

193 985 267 1028 cum
292 962 460 1030 codicibus
493 963 526 1026 iu
551 963 611 1026 hac
634 960 824 1046 quaestione
847 956 1056 1024 diiudicanda
1077 954 1160 1022 nihil
1188 953 1288 1017 tribu·

194 1073 312 1138 endum
336 1073 387 1157 sit,
408 1072 525 1138 eodem
545 1071 615 1136 iure
645 1071 765 1158 ubique
791 1069 878 1136 ἐστιν
900 1069 956 1133 vel
975 1058 1057 1134 >στιν
1080 1088 1142 1152 quo
1166 1062 1229 1130 ἐστ’
1256 1071 1288 1126 et

192 1170 259 1246 ’σθ’
285 1179 384 1245 scribi
406 1201 513 1268 posse.
553 1179 620 1248 Sed
644 1177 767 1259 videas,
791 1198 922 1264 quaeso,
945 1196 987 1241 ne
1011 1174 1036 1238 si
1060 1173 1122 1236 hoc
1144 1168 1288 1236 volueris

194 1290 290 1353 etiam
315 1289 489 1354 maioribus
521 1289 681 1374 angustiis
708 1286 877 1374 premaris.
922 1283 1108 1350 Effecturus
1132 1279 1218 1345 enim
1244 1300 1289 1354 cs,

192 1409 228 1464 ut
252 1398 401 1484 singulae
427 1400 534 1463 theses
562 1397 597 1461 iu
623 1397 701 1461 duas
725 1405 834 1484 partes
859 1395 903 1458 ita
932 1391 1145 1473 dissecentur,
1167 1397 1203 1451 ut
1224 1411 1289 1452 una

192 1510 361 1592 adamus,
379 1510 480 1574 altera
501 1509 544 1574 ad
566 1507 698 1572 alterius
719 1526 878 1592 personae
893 1503 993 1568 verba
1006 1500 1184 1590 pertineat3
1201 1494 1288 1582 quod

191 1641 259 1684 non
281 1617 377 1682 video
401 1617 518 1704 quibus
541 1615 612 1682 aliis
636 1614 795 1702 exemplis
819 1611 901 1676 tueri
924 1609 1028 1698 possis
1052 1630 1148 1693 quam
1172 1605 1238 1670 his:

316 1727 403 1792 Ach.
420 1727 482 1792 800
498 1717 596 1803 αὐτὸς
613 1725 639 1789 δ’
659 1719 773 1809 ἐρώτη.
788 1759 829 1769 -
840 1724 929 1805 χοῖρε
942 1723 1042 1803 χοῖρε.
1057 1755 1094 1764 -
1111 1715 1180 1782 κοῒ
1192 1713 1268 1782 κοΐ.

317 1829 540 1902 Ραο.19ἴ)ἷ’οι
563 1859 618 1899 νυν
639 1827 777 1898 κάλεσόν
798 1856 855 1914 μοι
877 1825 935 1894 τὸν
956 1827 1017 1894 At.
1031 1821 1124 1914 -ἰὴ
1149 1821 1186 1912 ἰὴ
1209 1817 1258 1912 ἰή.

214 2015 222 2032 ‚
318 1946 402 2011 Aah.
427 1944 489 2009 912
521 1943 628 2032 φαίνω
661 1940 804 2025 πολέμια
836 1941 946 2005 ταῦτα.
971 1976 1014 1985 -
1040 1936 1076 2002 τί
1095 1934 1166 2002 dui
1190 1930 1289 1999 κακὸν

949 2042 1073 2113 παθών
1093 2081 1135 2089 -

316 2159 402 2226 Nub.
428 2158 508 2224 1192
540 2157 593 2222 ἵνα
619 2151 658 2243 δὴ
691 2155 723 2221 τί
755 2152 813 2243 τὴν
836 2155 910 2242 ἕνην
940 2153 1156 2240 πρρςέθηκεν.
1180 2189 1218 2200 -
1240 2151 1284 2215 ἵν’

948 2251 1074 2349 uiridis
1099 2299 1137 2310 -·

288 2373 341 2440 Ex
375 2373 425 2440 his
448 2395 528 2439 vero
551 2373 710 2459 exemplis
734 2373 865 2438 tertium
888 2383 920 2437 et
944 2384 1092 2460 quartum
1117 2370 1289 2436 emendata

195 2493 269 2550 suut
300 2483 333 2548 in
362 2481 505 2548 editione
532 2482 750 2566 Meinekiana‚
781 2483 837 2546 ubi
867 2483 1048 2546 rectissime
1074 2481 1183 2569 priore
1215 2479 1288 2544 loco

191 2591 234 2656 τί
256 2592 275 2656 d
284 2589 309 2673 ὲ,
341 2592 444 2656 altero
469 2591 661 2678 προςέθη
670 2592 698 2674 χ’
723 2593 845 2678 legitur
867 2591 923 2676 (of.
947 2591 1049 2680 Vesp.
1073 2591 1133 2656 793
1156 2585 1174 2655 ὁ
1200 2587 1235 2655 δὲ
1257 2589 1290 2653 τί

161 2767 171 2788 ‚
192 2695 277 2783 πρὸς
299 2701 386 2764 ταῦτ’
411 2693 499 2789 εἷφ’,·
521 2738 563 2748 -
586 2696 615 2785 t',
636 2727 678 2786 τι,
701 2701 755 2768 ubi
784 2724 849 2766 non
875 2723 1002 2784 vereor,
1023 2723 1065 2766 ne
1091 2723 1164 2766 eum
1186 2699 1287 2766 Reisi-

190 2808 244 2894 gio
268 2808 391 2874 scribas
411 2801 497 2892 sins,
520 2808 603 2891 ai;);
626 2810 751 2893 reliqua
766 2810 829 2874 duo
853 2818 960 2875 autem
982 2809 1062 2874 nihil
1085 2809 1196 2876 valent
1215 2809 1289 2894 quia

190 2917 453 2982 interiectionem
478 2915 651 3001 singularis
675 2916 755 2980 ratio
779 2925 837 2980 est.
881 2916 985 2981 Multo
1009 2938 1087 2980 vero
1109 2915 1207 2980 etism
1232 2915 1289 3008 mi·

190 3048 249 3090 nus
284 3026 318 3090 in
351 3026 509 3091 auxilium
530 3047 648 3091 vocare
673 3026 812 3115 poteris,
839 3025 926 3112 quod
949 3025 1035 3092 Nub.
1055 3025 1118 3091 664
1149 3026 1184 3089 in
1206 3023 1289 3088 Her·

190 3135 364 3200 manniane
388 3133 564 3202 Kockiana
591 3135 797 3200 Meinehiana
819 3135 957 3221 legitur:

313 3245 387 3322 πῶς
408 3237 468 3330 δή;
489 3243 593 3333 φέρ’.
621 3281 659 3291 -
683 3239 813 3321 ὅπωςς
835 3235 1019 3328 ἀλεκτρυών
1042 3235 1255 3328 κάλεκτρυών.

289 3351 373 3418 Nam
387 3376 454 3419 nou
477 3355 582 3419 solum
598 3356 678 3419 haec
695 3355 857 3443 scriptura
880 3353 941 3420 soli
956 3353 1136 3420 Hermanui
1152 3353 1286 3440 ingenio

190 3460 342 3542 debetur,
366 3483 478 3526 verum
502 3461 599 3526 etiam
622 3483 688 3530 non
715 3461 821 3546 magis
843 3462 1085 3548 Aristophaneo
1106 3483 1178 3526 essa
1201 3461 1288 3524 vide·

171 3577 242 3632 ¹tur
268 3591 365 3653 quam
391 3567 540 3632 codicum
564 3572 637 3646 πῶς
661 3563 717 3654 dri,-
740 3568 830 3657 φέρε.
853 3607 893 3614 --
916 3573 1005 3647 rain,-
1026 3562 1211 3652 ἀλεκτρυών
1233 3562 1288 3634 κᾶ-

189 3671 362 3754 λεκτρυών.
386 3677 459 3764 Ego
482 3687 570 3743 certe
593 3702 751 3766 nusquam
772 3679 806 3744 iu
828 3679 878 3744 his
899 3679 1051 3746 undecim
1071 3680 1190 3745 fabulis
1204 3667 1287 3767 Ιφέρε

189 3787 386 3853 vocabulum
400 3787 651 3874 interrogationi
674 3789 890 3874 postpositum
906 3789 1036 3873 inveni3
1056 3811 1118 3874 qua
1135 3788 1175 3854 de
1192 3811 1290 3853 causa

191 3917 254 3980 ego
277 3895 534 3983 Aristophanem
557 3897 725 3984 scripsisse
747 3898 919 3985 suspicor:¹

291 4065 316 4130 l)
336 4063 467 4117 Consulto
479 4063 631 4118 omisiPac¹
644 4068 678 4118 41
698 4068 746 4119 τοῦ
762 4059 815 4137 γάρ
835 4066 910 4131 ἐστ’;
927 4097 950 4105 -
968 4061 1017 4120 οὐκ
1036 4067 1099 4120 ἔσθ’
1119 4060 1205 4128 ὅπως,
1224 4066 1290 4134 quia

106 4229 110 4240 δ
193 4157 268 4212 hunc
286 4177 397 4213 versum
416 4178 514 4214 sanum
535 4178 595 4215 esse
622 4163 745 4216 nondum
774 4163 841 4216 mihi
861 4181 1024 4232 persuasum
1045 4168 1097 4228 est,
1118 4166 1201 4232 atque
1221 4161 1290 4216 Rau.

193 4257 260 4310 1077
271 4259 306 4324 ¹st
324 4256 431 4310 Thesm.
451 4259 512 4321 498,
533 4277 589 4313 uon
615 4259 690 4328 quod
716 4259 856 4328 Reisigius
875 4277 923 4314 eos
942 4259 1140 4325 emendaverit,
1159 4259 1209 4314 sed
1227 4258 1293 4329 quia

190 4351 218 4406 hi
235 4351 354 4408 fortasse
373 4354 542 4409 rhetoricam
561 4356 791 4426 interrogationis
810 4356 931 4428 speciem
950 4374 1083 4412 excusare
1101 4359 1227 4427 possunt
