3090 5138
799 457 842 522 24

274 645 444 734 spondeat,
467 667 541 709 enm
564 644 702 708 statim
728 645 761 708 in
782 643 936 709 iudicium
956 652 1107 707 vocatum
1124 639 1174 705 iri.
1196 638 1268 705 Nec
1287 635 1370 722 quie·

274 777 368 840 quam
393 753 467 819 huic
495 754 703 820 coniecturae
729 755 860 820 obicere
887 765 981 840 potes
1005 752 1065 817 nisi
1090 749 1177 836 quod
1198 750 1283 814 iusto
1304 748 1369 812 vio·

273 861 394 928 lentior
416 863 468 927 ait.
504 862 593 944 Quid
617 885 706 946 vero,
728 863 755 928 si
779 862 866 950 quod
888 863 1043 928 Richtero
1065 859 1243 924 delendum
1266 857 1369 924 visum

273 982 322 1038 est
344 967 406 1057 ἐγώ
427 983 608 1060 pronomen
630 993 672 1036 ex
694 972 758 1036 hoc
782 971 913 1058 quidem
930 992 1027 1036 versu
1050 967 1285 1056 expellendum
1301 987 1371 1030 esse

273 1101 479 1163 concessero,
502 1081 617 1145 codem
639 1103 717 1145 vero
748 1102 821 1145 eum
833 1131 842 1164 ,
863 1080 917 1166 qui
941 1078 1090 1166 proxime
1113 1077 1289 1157 antecedit,
1314 1098 1371 1140 cx-

271 1188 426 1278 plendum
452 1199 485 1254 ct
506 1188 552 1254 sic
572 1189 783 1254 scribendum
807 1211 878 1254 esse
901 1189 1033 1254 dixero:

397 1293 528 1376 τούτοις
549 1294 651 1380 ξυνών
674 1293 715 1362 τὰ
737 1293 838 1364 σκόλι’
864 1293 958 1376 ὅπως
981 1297 1066 1379 δέξει
1089 1296 1205 1388 καλῶς.

400 1409 497 1472 orA.
520 1397 662 1492 ι’ίληθεςς
685 1402 731 1485 οἷς
753 1399 861 1485 οὐδείς
880 1429 915 1492 γε
939 1405 1102 1492 Διακρίων
1126 1398 1221 1490 ἐγώ.

402 1519 470 1582 ΒΔ.
491 1510 559 1597 τάχ’
585 1510 730 1599 εἴσομαι·
754 1516 807 1581 καί
830 1511 869 1603 δὴ
890 1511 949 1602 γὰρ
972 1511 1035 1600 εἴμ’
1059 1509 1120 1601 ἐγώ
1144 1512 1268 1579 Κλέων.
1320 1507 1323 1512 ’

374 1622 595 1688 Emendatum
628 1644 700 1688 esse
731 1623 857 1690 confido
880 1625 967 1688 hunc
989 1623 1113 1702 locum,
1136 1644 1231 1706 quem
1257 1620 1372 1708 quihus

275 1729 477 1794 coniecturis
507 1730 656 1794 homines
689 1729 776 1794 docti
807 1739 1019 1807 vexaverunt,
1054 1751 1108 1796 eas
1140 1751 1292 1795 enarrare
1321 1749 1374 1791 mc

273 1836 489 1922 supersedere
511 1858 607 1922 posse
630 1836 752 1922 putavi,
775 1837 936 1920 simulque
959 1859 978 1899 a
998 1835 1133 1900 metrica
1154 1835 1211 1900 illa
1232 1835 1370 1901 difficul-

274 1953 341 2009 tate
363 1945 546 2010 liberatum.

376 2052 517 2117 Brevius
555 2052 721 2138 disputare
760 2052 838 2117 licet
871 2053 912 2118 do
938 2053 1018 2120 Rau.
1050 2053 1107 2135 573
1143 2053 1247 2118 omnis
1285 2052 1373 2118 enim

277 2163 373 2228 huius
405 2183 518 2226 versus
554 2161 746 2226 deformitas
776 2184 840 2226 non
870 2162 1084 2250 Aristophani
1114 2161 1173 2228 sed
1205 2161 1373 2227 Meinekio

205 2355 215 2368 ⁸
278 2270 359 2335 vitio
382 2270 490 2335 danda
513 2280 572 2354 est,
595 2270 649 2356 qui
672 2281 747 2336 ante
771 2271 967 2338 Κλεισθένει
988 2272 1042 2359 qui
1066 2271 1204 2337 traditur
1226 2274 1273 2358 τῷ
1296 2271 1373 2335 arti-

279 2381 389 2444 culum
414 2379 483 2444 siue
507 2379 591 2444 iusta
611 2403 707 2444 causa
729 2381 834 2444 eiecit.
869 2382 941 2446 Imo
965 2380 1120 2445 articulus
1134 2402 1239 2466 paene
1262 2401 1369 2445 neces·

279 2490 383 2555 sarius
405 2499 464 2573 est,
484 2489 559 2576 quia
582 2488 777 2570 Clisthenes,
799 2490 890 2554 cuius
914 2491 1073 2556 Hercules
1095 2490 1149 2554 hic
1172 2491 1371 2556 mentionem

277 2599 380 2681 inicit,
404 2597 491 2664 idern
524 2607 574 2662 est
594 2608 690 2683 atque
721 2599 759 2680 is,
789 2623 861 2664 cum
884 2623 947 2687 quo
971 2600 1177 2683 Dionysum,
1200 2622 1273 2664 cum
1297 2598 1374 2664 ἐνιε-

276 2703 415 2790 βάτευον
438 2707 634 2774 Κλεισθένει
670 2708 818 2792 dixisset,
850 2709 937 2774 idem
967 2709 1131 2774 Hercules
1154 2733 1184 2774 v.
1208 2711 1250 2775 49
1273 2709 1374 2796 suspi-

275 2828 364 2882 catus
388 2827 456 2882 erat
486 2838 556 2880 rem
578 2817 748 2898 habuisse,
770 2817 832 2883 hoc
855 2819 960 2906 ipsum
984 2841 1072 2897 vero,
1096 2841 1130 2884 se
1152 2819 1193 2883 ad
1216 2818 1249 2882 id
1271 2819 1373 2904 respi-

276 2948 363 3008 cere,
386 2924 474 3009 quod
500 2933 596 2989 antea
619 2924 787 3009 Dionysus
820 2926 1021 3012 prodiderat,
1052 2951 1119 2992 non
1142 2937 1270 3013 poterat
1291 2928 1373 2993 Her·

275 3035 368 3101 cules
390 3053 511 3120 graece
532 3033 712 3120 simplicius
741 3057 836 3120 quarn
865 3034 1003 3099 articulo
1029 3034 1227 3102 Κλεισθένει
1250 3036 1373 3102 nomini

274 3143 463 3232 praeposito
499 3141 698 3228 significare.
743 3143 839 3224 Quod
866 3153 973 3207 autem
1007 3167 1095 3209 nunc
1123 3136 1294 3210 ἀπαιτοῖ
1313 3166 1373 3230 pro

274 3244 440 3317 ἀππαπαῖ
461 3250 669 3316 scribendum
688 3261 737 3316 ast
759 3261 856 3336 atquc
875 3252 935 3316 hac
956 3252 1182 3317 interiectione
1196 3252 1297 3340 Vesp.
1312 3253 1375 3318 309

277 3359 389 3427 maesti
412 3382 507 3426 sones
540 3369 687 3441 utuntur,
710 3383 783 3424 cum
810 3361 871 3424 hoc
897 3363 969 3424 loco
994 3361 1163 3446 Dionysus
1186 3384 1262 3444 non,
1287 3361 1374 3445 quod

275 3470 426 3536 Koskius
445 3470 561 3560 soluit,
591 3478 693 3555 neget
726 3469 783 3534 sed
809 3470 882 3552 aiat,
910 3469 990 3534 hacc
1014 3491 1067 3534 res
1091 3492 1133 3535 nr
1159 3470 1216 3534 tihi
1240 3493 1372 3556 serupu-

274 3579 341 3643 lum
363 3577 484 3660 iniciat,
505 3577 619 3642 harum
639 3578 902 3644 interiectionum
928 3577 1174 3663 significationis
1197 3577 1373 3643 admodum

276 3688 463 3753 fluctuantis
487 3688 675 3774 exemplum
699 3687 805 3752 obiter
829 3687 984 3752 adferam.

375 3795 557 3864 Scholiasta
581 3795 727 3861 Venetus
751 3797 792 3860 ad
813 3794 890 3861 Pac.
917 3795 975 3860 180
999 3797 1079 3861 haec
1102 3796 1252 3876 adnotata
1273 3795 1373 3882 διπλῇ

274 3903 328 3969 καί
351 3897 500 3982 athesae
527 3901 574 3982 εἰς
604 3898 742 3987 ἰάμβους
772 3899 849 3988 σνς’,
879 3889 925 3968 ὦν
947 3899 985 3969 τὸ
1016 3906 1204 3971 τελευταῖον
1225 3904 1298 3987 ,sul
1321 3929 1375 3990 νη-

275 4007 409 4090 σιώτας·
440 4013 524 4096 δεῦρ’
546 4006 587 4076 ἴτ’
613 3999 639 4076 oi
660 4007 780 4090 πάντες
800 4009 895 4079 λειί.“
918 4012 969 4079 ἐπ’
992 4013 1089 4092 ἐνίοις
1110 4014 1146 4080 δὲ
1165 4005 1374 4102 ἀντιγράφοις

274 4115 357 4204 μετὰ
387 4121 518 4202 στίχους
548 4115 594 4185 νοί
630 4119 698 4186 dori
720 4117 882 4208 κωλάριον
906 4118 982 4187 τόδε
1014 4121 1065 4206 »τί
1087 4124 1205 4212 opum-‘¹
1228 4123 1371 4206 κείμεν’

275 4220 394 4308 ίίλλοος
422 4225 468 4317 λη’
493 4225 570 4296 τόδε
596 4227 648 4318 ,iel
672 4227 734 4319 idf‘
770 4234 889 4298 Parum
913 4241 1003 4297 recte
1025 4234 1224 4299 Duebnerus
1257 4234 1371 4299 eodem

276 4363 339 4425 quo
363 4340 554 4406 Dindorfius
589 4341 784 4406 constrictus
807 4363 918 4406 errore
953 4341 1060 4407 vorbis
1089 4343 1159 4426 μετ’
1184 4333 1302 4420 ἄλλους
1324 4336 1370 4429 λη’
