<?xml version="1.0" encoding="UTF-8"?>
<!DOCTYPE html PUBLIC "-//W3C//DTD XHTML 1.0 Transitional//EN"
    "http://www.w3.org/TR/xhtml1/DTD/xhtml1-transitional.dtd">
<html xmlns="http://www.w3.org/1999/xhtml" xml:lang="en" lang="en">
 <head>
  <title>
</title>
<meta http-equiv="Content-Type" content="text/html;charset=utf-8" />
  <meta name='ocr-system' content='tesseract 3.04.00' />
  <meta name='ocr-capabilities' content='ocr_page ocr_carea ocr_par ocr_line ocrx_word'/>
</head>
<body>
  <div class='ocr_page' id='page_1' title='image "./deravennateetve00bambgoog_0031.png"; bbox 0 0 3090 5138; ppageno 0'>
   <div class='ocr_carea' id='block_1_1' title="bbox 814 452 856 520">
    <p class='ocr_par' dir='ltr' id='par_1_1' title="bbox 814 452 856 520">
     <span class='ocr_line' id='line_1_1' title="bbox 814 452 856 520; baseline 0 0"><span class='ocrx_word' id='word_1_1' title='bbox 814 452 856 520; x_wconf 81' lang='lat'>22</span> 
     </span>
    </p>
   </div>
   <div class='ocr_carea' id='block_1_2' title="bbox 279 637 1382 1165">
    <p class='ocr_par' dir='ltr' id='par_1_2' title="bbox 279 637 1382 1165">
     <span class='ocr_line' id='line_1_2' title="bbox 378 637 1380 726; baseline 0 -24"><span class='ocrx_word' id='word_1_2' title='bbox 378 637 440 702; x_wconf 89' lang='lat' dir='ltr'>Ille</span> <span class='ocrx_word' id='word_1_3' title='bbox 461 659 575 704; x_wconf 85' lang='lat' dir='ltr'>vorsus</span> <span class='ocrx_word' id='word_1_4' title='bbox 597 661 674 704; x_wconf 88' lang='lat' dir='ltr'>vero</span> <span class='ocrx_word' id='word_1_5' title='bbox 697 663 772 705; x_wconf 86' lang='lat' dir='ltr'>cum</span> <span class='ocrx_word' id='word_1_6' title='bbox 795 640 851 722; x_wconf 91' lang='lat' dir='ltr'>eis,</span> <span class='ocrx_word' id='word_1_7' title='bbox 875 641 928 726; x_wconf 91' lang='lat' dir='ltr'>qui</span> <span class='ocrx_word' id='word_1_8' title='bbox 951 638 1097 724; x_wconf 86' lang='lat' dir='ltr'>Reisigio</span> <span class='ocrx_word' id='word_1_9' title='bbox 1122 647 1291 724; x_wconf 78' lang='lat' dir='ltr'>tantopere</span> <span class='ocrx_word' id='word_1_10' title='bbox 1316 637 1380 704; x_wconf 88' lang='lat' dir='ltr'>dis·</span> 
     </span>
     <span class='ocr_line' id='line_1_3' title="bbox 280 748 1379 837; baseline -0.003 -23"><span class='ocrx_word' id='word_1_11' title='bbox 280 749 478 837; x_wconf 78' lang='lat' dir='ltr'>plicuerunt,</span> <span class='ocrx_word' id='word_1_12' title='bbox 510 748 544 814; x_wconf 93' lang='lat' dir='ltr'>id</span> <span class='ocrx_word' id='word_1_13' title='bbox 566 773 738 816; x_wconf 87' lang='lat' dir='ltr'>commune</span> <span class='ocrx_word' id='word_1_14' title='bbox 770 751 868 818; x_wconf 87' lang='lat' dir='ltr'>habet</span> <span class='ocrx_word' id='word_1_15' title='bbox 893 749 980 837; x_wconf 92' lang='lat' dir='ltr'>quod</span> <span class='ocrx_word' id='word_1_16' title='bbox 1004 771 1119 816; x_wconf 85' lang='lat' dir='ltr'>versus</span> <span class='ocrx_word' id='word_1_17' title='bbox 1150 757 1224 834; x_wconf 89' lang='lat' dir='ltr'>post</span> <span class='ocrx_word' id='word_1_18' title='bbox 1248 748 1379 813; x_wconf 82' lang='lat' dir='ltr'>tertiam</span> 
     </span>
     <span class='ocr_line' id='line_1_4' title="bbox 280 857 1382 948; baseline -0.001 -25"><span class='ocrx_word' id='word_1_19' title='bbox 280 857 368 923; x_wconf 86' lang='lat' dir='ltr'>arsin</span> <span class='ocrx_word' id='word_1_20' title='bbox 391 857 485 924; x_wconf 87' lang='lat' dir='ltr'>incisi</span> <span class='ocrx_word' id='word_1_21' title='bbox 515 859 641 944; x_wconf 87' lang='lat' dir='ltr'>reliqua</span> <span class='ocrx_word' id='word_1_22' title='bbox 669 881 745 946; x_wconf 88' lang='lat' dir='ltr'>pars</span> <span class='ocrx_word' id='word_1_23' title='bbox 777 881 821 924; x_wconf 87' lang='lat' dir='ltr'>ex</span> <span class='ocrx_word' id='word_1_24' title='bbox 846 880 973 948; x_wconf 87' lang='lat' dir='ltr'>paeone</span> <span class='ocrx_word' id='word_1_25' title='bbox 997 867 1110 946; x_wconf 89' lang='lat' dir='ltr'>quarto</span> <span class='ocrx_word' id='word_1_26' title='bbox 1141 866 1182 939; x_wconf 85' lang='lat' dir='ltr'>et,</span> <span class='ocrx_word' id='word_1_27' title='bbox 1214 857 1267 944; x_wconf 90' lang='lat' dir='ltr'>qui</span> <span class='ocrx_word' id='word_1_28' title='bbox 1292 857 1382 922; x_wconf 85' lang='lat' dir='ltr'>hune</span> 
     </span>
     <span class='ocr_line' id='line_1_5' title="bbox 279 966 1381 1054; baseline -0.001 -23"><span class='ocrx_word' id='word_1_29' title='bbox 279 967 417 1054; x_wconf 84' lang='lat' dir='ltr'>excipit,</span> <span class='ocrx_word' id='word_1_30' title='bbox 442 967 563 1033; x_wconf 85' lang='lat' dir='ltr'>cretico</span> <span class='ocrx_word' id='word_1_31' title='bbox 586 968 744 1032; x_wconf 78' lang='lat' dir='ltr'>consistit.</span> <span class='ocrx_word' id='word_1_32' title='bbox 767 968 863 1034; x_wconf 86' lang='lat' dir='ltr'>Tales</span> <span class='ocrx_word' id='word_1_33' title='bbox 885 967 985 1054; x_wconf 85' lang='lat' dir='ltr'>igitur</span> <span class='ocrx_word' id='word_1_34' title='bbox 1009 989 1123 1033; x_wconf 84' lang='lat' dir='ltr'>vorsus</span> <span class='ocrx_word' id='word_1_35' title='bbox 1146 989 1223 1032; x_wconf 91' lang='lat' dir='ltr'>num</span> <span class='ocrx_word' id='word_1_36' title='bbox 1248 966 1381 1031; x_wconf 86' lang='lat' dir='ltr'>Aristo-</span> 
     </span>
     <span class='ocr_line' id='line_1_6' title="bbox 281 1074 1327 1165; baseline 0 -25"><span class='ocrx_word' id='word_1_37' title='bbox 281 1077 406 1165; x_wconf 88' lang='lat' dir='ltr'>phanes</span> <span class='ocrx_word' id='word_1_38' title='bbox 429 1075 606 1159; x_wconf 79' lang='lat' dir='ltr'>admiserit,</span> <span class='ocrx_word' id='word_1_39' title='bbox 632 1075 822 1162; x_wconf 87' lang='lat' dir='ltr'>diligentius</span> <span class='ocrx_word' id='word_1_40' title='bbox 844 1075 1065 1161; x_wconf 86' lang='lat' dir='ltr'>quaerendum</span> <span class='ocrx_word' id='word_1_41' title='bbox 1092 1098 1163 1142; x_wconf 88' lang='lat' dir='ltr'>csse</span> <span class='ocrx_word' id='word_1_42' title='bbox 1186 1074 1327 1140; x_wconf 86' lang='lat' dir='ltr'>videtur.</span> 
     </span>
    </p>
   </div>
   <div class='ocr_carea' id='block_1_3' title="bbox 207 1192 1424 4422">
    <p class='ocr_par' dir='ltr' id='par_1_3' title="bbox 278 1192 1379 1605">
     <span class='ocr_line' id='line_1_7' title="bbox 380 1192 1379 1282; baseline -0.004 -22"><span class='ocrx_word' id='word_1_43' title='bbox 380 1195 433 1260; x_wconf 84' lang='lat' dir='ltr'>Ao</span> <span class='ocrx_word' id='word_1_44' title='bbox 456 1194 520 1259; x_wconf 92' lang='lat' dir='ltr'>duo</span> <span class='ocrx_word' id='word_1_45' title='bbox 543 1193 636 1258; x_wconf 88' lang='lat' dir='ltr'>huius</span> <span class='ocrx_word' id='word_1_46' title='bbox 658 1195 801 1280; x_wconf 87' lang='lat' dir='ltr'>generis,</span> <span class='ocrx_word' id='word_1_47' title='bbox 815 1215 897 1278; x_wconf 86' lang='lat' dir='ltr'>qnae</span> <span class='ocrx_word' id='word_1_48' title='bbox 923 1193 1055 1282; x_wconf 86' lang='lat' dir='ltr'>quidem</span> <span class='ocrx_word' id='word_1_49' title='bbox 1077 1194 1163 1281; x_wconf 88' lang='lat' dir='ltr'>apud</span> <span class='ocrx_word' id='word_1_50' title='bbox 1178 1192 1379 1280; x_wconf 82' lang='lat' dir='ltr'>lleinekium</span> 
     </span>
     <span class='ocr_line' id='line_1_8' title="bbox 278 1283 1378 1390; baseline -0.002 -22"><span class='ocrx_word' id='word_1_51' title='bbox 278 1311 401 1387; x_wconf 86' lang='lat' dir='ltr'>extant,</span> <span class='ocrx_word' id='word_1_52' title='bbox 424 1303 576 1390; x_wconf 87' lang='lat' dir='ltr'>exempla</span> <span class='ocrx_word' id='word_1_53' title='bbox 591 1303 705 1388; x_wconf 89' lang='lat' dir='ltr'>utique</span> <span class='ocrx_word' id='word_1_54' title='bbox 718 1283 921 1367; x_wconf 83' lang='lat' dir='ltr'>emendanda</span> <span class='ocrx_word' id='word_1_55' title='bbox 935 1313 1010 1366; x_wconf 88' lang='lat' dir='ltr'>sunt</span> <span class='ocrx_word' id='word_1_56' title='bbox 1026 1301 1218 1389; x_wconf 77' lang='lat' dir='ltr'>Vesp.1223</span> <span class='ocrx_word' id='word_1_57' title='bbox 1238 1292 1378 1388; x_wconf 70' lang='grc' dir='ltr'><em>ι’ίληθεςς</em></span> 
     </span>
     <span class='ocr_line' id='line_1_9' title="bbox 280 1402 1374 1495; baseline -0.003 -16"><span class='ocrx_word' id='word_1_58' title='bbox 280 1407 325 1490; x_wconf 77' lang='grc' dir='ltr'>ὥς</span> <span class='ocrx_word' id='word_1_59' title='bbox 347 1403 415 1479; x_wconf 68' lang='grc' dir='ltr'>οὐδ’</span> <span class='ocrx_word' id='word_1_60' title='bbox 439 1409 476 1478; x_wconf 83' lang='grc' dir='ltr'>εἰ</span> <span class='ocrx_word' id='word_1_61' title='bbox 498 1411 714 1494; x_wconf 82' lang='grc' dir='ltr'><em>Διακρίων</em></span> <span class='ocrx_word' id='word_1_62' title='bbox 735 1410 901 1493; x_wconf 79' lang='grc' dir='ltr'><em>δέξεται</em></span> <span class='ocrx_word' id='word_1_63' title='bbox 925 1420 957 1474; x_wconf 91' lang='lat' dir='ltr'>et</span> <span class='ocrx_word' id='word_1_64' title='bbox 979 1411 1060 1478; x_wconf 86' lang='lat' dir='ltr'>Ran.</span> <span class='ocrx_word' id='word_1_65' title='bbox 1083 1411 1122 1474; x_wconf 71' lang='lat' dir='ltr'>ot</span> <span class='ocrx_word' id='word_1_66' title='bbox 1146 1402 1214 1476; x_wconf 73' lang='grc' dir='ltr'>ἀλλ’</span> <span class='ocrx_word' id='word_1_67' title='bbox 1240 1403 1374 1495; x_wconf 67' lang='grc' dir='ltr'><em>ἀνδρόςς</em></span> 
     </span>
     <span class='ocr_line' id='line_1_10' title="bbox 284 1513 1124 1605; baseline -0.004 -19"><span class='ocrx_word' id='word_1_68' title='bbox 284 1557 322 1570; x_wconf 91' lang='grc'>--</span> <span class='ocrx_word' id='word_1_69' title='bbox 345 1513 516 1586; x_wconf 72' lang='grc' dir='ltr'><em>ἀππαπαῖ.</em></span> <span class='ocrx_word' id='word_1_70' title='bbox 543 1557 579 1568; x_wconf 95' lang='grc'><strong>-</strong></span> <span class='ocrx_word' id='word_1_71' title='bbox 604 1519 829 1605; x_wconf 75' lang='grc' dir='ltr'><em>ξυνεγένου</em></span> <span class='ocrx_word' id='word_1_72' title='bbox 854 1517 1124 1584; x_wconf 71' lang='grc' dir='ltr'><em>Κλεισθένει.</em></span> 
     </span>
    </p>

    <p class='ocr_par' dir='ltr' id='par_1_4' title="bbox 280 1627 1378 1817">
     <span class='ocr_line' id='line_1_11' title="bbox 384 1627 1378 1697; baseline -0.004 -1"><span class='ocrx_word' id='word_1_73' title='bbox 384 1631 500 1696; x_wconf 83' lang='lat' dir='ltr'>Priore</span> <span class='ocrx_word' id='word_1_74' title='bbox 522 1631 593 1696; x_wconf 83' lang='lat' dir='ltr'>loco</span> <span class='ocrx_word' id='word_1_75' title='bbox 615 1630 787 1697; x_wconf 79' lang='lat' dir='ltr'>Ravennae</span> <span class='ocrx_word' id='word_1_76' title='bbox 821 1639 853 1694; x_wconf 87' lang='lat' dir='ltr'>et</span> <span class='ocrx_word' id='word_1_77' title='bbox 875 1629 1020 1694; x_wconf 90' lang='lat' dir='ltr'>Venetus</span> <span class='ocrx_word' id='word_1_78' title='bbox 1053 1627 1293 1694; x_wconf 84' lang='lat' dir='ltr'>eonsentientes</span> <span class='ocrx_word' id='word_1_79' title='bbox 1315 1637 1378 1692; x_wconf 86' lang='lat' dir='ltr'>tra-</span> 
     </span>
     <span class='ocr_line' id='line_1_12' title="bbox 280 1739 959 1817; baseline -0.003 -12"><span class='ocrx_word' id='word_1_80' title='bbox 280 1739 380 1805; x_wconf 89' lang='lat' dir='ltr'>dunt:</span> <span class='ocrx_word' id='word_1_81' title='bbox 957 1813 959 1817; x_wconf 21' lang='lat'><strong>¹</strong></span> 
     </span>
    </p>

    <p class='ocr_par' dir='ltr' id='par_1_5' title="bbox 284 1837 1199 2040">
     <span class='ocr_line' id='line_1_13' title="bbox 404 1837 1186 1934; baseline -0.004 -21"><span class='ocrx_word' id='word_1_82' title='bbox 404 1837 545 1934; x_wconf 71' lang='grc' dir='ltr'><strong><em>ὅληθεςς</em></strong></span> <span class='ocrx_word' id='word_1_83' title='bbox 567 1843 613 1924; x_wconf 74' lang='lat' dir='ltr'>aig</span> <span class='ocrx_word' id='word_1_84' title='bbox 634 1840 742 1925; x_wconf 77' lang='grc' dir='ltr'><em>οὐδείς</em></span> <span class='ocrx_word' id='word_1_85' title='bbox 765 1870 800 1932; x_wconf 75' lang='grc' dir='ltr'>γε</span> <span class='ocrx_word' id='word_1_86' title='bbox 822 1845 986 1931; x_wconf 86' lang='grc' dir='ltr'><em>Διακρίων</em></span> <span class='ocrx_word' id='word_1_87' title='bbox 1012 1844 1186 1928; x_wconf 77' lang='grc' dir='ltr'><em>ὁεδέξεται.</em></span> 
     </span>
     <span class='ocr_line' id='line_1_14' title="bbox 284 1972 1199 2040; baseline -0.002 -2"><span class='ocrx_word' id='word_1_88' title='bbox 284 1972 385 2040; x_wconf 87' lang='lat' dir='ltr'>Hunc</span> <span class='ocrx_word' id='word_1_89' title='bbox 406 1995 537 2038; x_wconf 84' lang='lat' dir='ltr'>versum</span> <span class='ocrx_word' id='word_1_90' title='bbox 562 1973 627 2037; x_wconf 85' lang='lat' dir='ltr'>levi</span> <span class='ocrx_word' id='word_1_91' title='bbox 651 1973 757 2036; x_wconf 91' lang='lat' dir='ltr'>ultimi</span> <span class='ocrx_word' id='word_1_92' title='bbox 778 1972 869 2037; x_wconf 86' lang='lat' dir='ltr'>verbi</span> <span class='ocrx_word' id='word_1_93' title='bbox 890 1973 1009 2038; x_wconf 91' lang='lat' dir='ltr'>mendo</span> <span class='ocrx_word' id='word_1_94' title='bbox 1032 1981 1199 2036; x_wconf 88' lang='lat' dir='ltr'>correcto:</span> 
     </span>
    </p>

    <p class='ocr_par' dir='ltr' id='par_1_6' title="bbox 277 2088 1379 3183">
     <span class='ocr_line' id='line_1_15' title="bbox 404 2088 1139 2184; baseline 0 -22"><span class='ocrx_word' id='word_1_95' title='bbox 404 2088 546 2184; x_wconf 71' lang='grc' dir='ltr'>ίίληθεςς</span> <span class='ocrx_word' id='word_1_96' title='bbox 569 2091 615 2176; x_wconf 75' lang='lat' dir='ltr'>aig</span> <span class='ocrx_word' id='word_1_97' title='bbox 638 2095 747 2175; x_wconf 78' lang='grc' dir='ltr'><em>οὐδείς</em></span> <span class='ocrx_word' id='word_1_98' title='bbox 767 2120 802 2182; x_wconf 75' lang='grc' dir='ltr'>γε</span> <span class='ocrx_word' id='word_1_99' title='bbox 827 2096 992 2179; x_wconf 84' lang='grc' dir='ltr'><em>Διακρίων</em></span> <span class='ocrx_word' id='word_1_100' title='bbox 1013 2096 1139 2180; x_wconf 78' lang='grc' dir='ltr'><em>δέξεται</em></span> 
     </span>
     <span class='ocr_line' id='line_1_16' title="bbox 282 2221 1377 2312; baseline 0.002 -26"><span class='ocrx_word' id='word_1_101' title='bbox 282 2221 426 2287; x_wconf 91' lang='lat' dir='ltr'>nondum</span> <span class='ocrx_word' id='word_1_102' title='bbox 450 2232 656 2308; x_wconf 74' lang='lat' dir='ltr'>personatum</span> <span class='ocrx_word' id='word_1_103' title='bbox 679 2245 749 2290; x_wconf 85' lang='lat' dir='ltr'>esse</span> <span class='ocrx_word' id='word_1_104' title='bbox 769 2246 811 2289; x_wconf 86' lang='lat' dir='ltr'>ox</span> <span class='ocrx_word' id='word_1_105' title='bbox 832 2225 890 2306; x_wconf 82' lang='lat' dir='ltr'>eie,</span> <span class='ocrx_word' id='word_1_106' title='bbox 913 2247 995 2310; x_wconf 89' lang='lat' dir='ltr'>quac</span> <span class='ocrx_word' id='word_1_107' title='bbox 1011 2249 1110 2312; x_wconf 88' lang='lat' dir='ltr'>supra</span> <span class='ocrx_word' id='word_1_108' title='bbox 1133 2224 1174 2289; x_wconf 89' lang='lat' dir='ltr'>de</span> <span class='ocrx_word' id='word_1_109' title='bbox 1189 2225 1377 2312; x_wconf 88' lang='lat' dir='ltr'>proceleus-</span> 
     </span>
     <span class='ocr_line' id='line_1_17' title="bbox 280 2331 1379 2420; baseline 0.004 -24"><span class='ocrx_word' id='word_1_110' title='bbox 280 2331 396 2396; x_wconf 85' lang='lat' dir='ltr'>matico</span> <span class='ocrx_word' id='word_1_111' title='bbox 428 2333 576 2420; x_wconf 84' lang='lat' dir='ltr'>exposita</span> <span class='ocrx_word' id='word_1_112' title='bbox 607 2341 691 2417; x_wconf 88' lang='lat' dir='ltr'>sunt,</span> <span class='ocrx_word' id='word_1_113' title='bbox 724 2344 870 2420; x_wconf 87' lang='lat' dir='ltr'>apparet.</span> <span class='ocrx_word' id='word_1_114' title='bbox 914 2332 983 2398; x_wconf 86' lang='lat' dir='ltr'>Sed</span> <span class='ocrx_word' id='word_1_115' title='bbox 1009 2355 1051 2398; x_wconf 90' lang='lat' dir='ltr'>ne</span> <span class='ocrx_word' id='word_1_116' title='bbox 1072 2356 1107 2419; x_wconf 76' lang='lat' dir='ltr'>ys</span> <span class='ocrx_word' id='word_1_117' title='bbox 1137 2332 1270 2419; x_wconf 90' lang='lat' dir='ltr'>quidem</span> <span class='ocrx_word' id='word_1_118' title='bbox 1301 2337 1379 2400; x_wconf 90' lang='lat' dir='ltr'>sub-</span> 
     </span>
     <span class='ocr_line' id='line_1_18' title="bbox 281 2441 1376 2531; baseline 0.003 -26"><span class='ocrx_word' id='word_1_119' title='bbox 281 2442 345 2507; x_wconf 89' lang='lat' dir='ltr'>lato</span> <span class='ocrx_word' id='word_1_120' title='bbox 368 2464 406 2506; x_wconf 90' lang='lat' dir='ltr'>ea</span> <span class='ocrx_word' id='word_1_121' title='bbox 428 2441 552 2507; x_wconf 88' lang='lat' dir='ltr'>ratione</span> <span class='ocrx_word' id='word_1_122' title='bbox 579 2443 665 2506; x_wconf 88' lang='lat' dir='ltr'>hunc</span> <span class='ocrx_word' id='word_1_123' title='bbox 686 2465 818 2508; x_wconf 87' lang='lat' dir='ltr'>versum</span> <span class='ocrx_word' id='word_1_124' title='bbox 850 2443 1085 2528; x_wconf 85' lang='lat' dir='ltr'>emendaveris,</span> <span class='ocrx_word' id='word_1_125' title='bbox 1109 2465 1190 2531; x_wconf 87' lang='lat' dir='ltr'>quae</span> <span class='ocrx_word' id='word_1_126' title='bbox 1214 2443 1297 2507; x_wconf 91' lang='lat' dir='ltr'>nihil</span> <span class='ocrx_word' id='word_1_127' title='bbox 1319 2443 1376 2508; x_wconf 90' lang='lat' dir='ltr'>du·</span> 
     </span>
     <span class='ocr_line' id='line_1_19' title="bbox 282 2549 1377 2638; baseline -0.002 -21"><span class='ocrx_word' id='word_1_128' title='bbox 282 2551 447 2618; x_wconf 87' lang='lat' dir='ltr'>bitationis</span> <span class='ocrx_word' id='word_1_129' title='bbox 484 2551 601 2617; x_wconf 88' lang='lat' dir='ltr'>habeat</span> <span class='ocrx_word' id='word_1_130' title='bbox 631 2551 732 2634; x_wconf 87' lang='lat' dir='ltr'>(unde</span> <span class='ocrx_word' id='word_1_131' title='bbox 763 2551 850 2616; x_wconf 86' lang='lat' dir='ltr'>enim</span> <span class='ocrx_word' id='word_1_132' title='bbox 873 2575 907 2637; x_wconf 79' lang='lat' dir='ltr'>ys</span> <span class='ocrx_word' id='word_1_133' title='bbox 940 2549 1110 2638; x_wconf 84' lang='lat' dir='ltr'>irrepsisse</span> <span class='ocrx_word' id='word_1_134' title='bbox 1146 2551 1276 2636; x_wconf 72' lang='lat' dir='ltr'>dioesl)</span> <span class='ocrx_word' id='word_1_135' title='bbox 1315 2575 1377 2616; x_wconf 90' lang='lat' dir='ltr'>nec</span> 
     </span>
     <span class='ocr_line' id='line_1_20' title="bbox 278 2657 1377 2743; baseline 0.001 -17"><span class='ocrx_word' id='word_1_136' title='bbox 278 2682 407 2726; x_wconf 89' lang='lat' dir='ltr'>omnem</span> <span class='ocrx_word' id='word_1_137' title='bbox 441 2657 666 2725; x_wconf 87' lang='lat' dir='ltr'>difficultatem</span> <span class='ocrx_word' id='word_1_138' title='bbox 689 2661 878 2726; x_wconf 88' lang='lat' dir='ltr'>removeris.</span> <span class='ocrx_word' id='word_1_139' title='bbox 922 2659 1011 2743; x_wconf 79' lang='lat' dir='ltr'>Quid</span> <span class='ocrx_word' id='word_1_140' title='bbox 1041 2661 1154 2727; x_wconf 83' lang='lat' dir='ltr'>enim?</span> <span class='ocrx_word' id='word_1_141' title='bbox 1183 2681 1291 2726; x_wconf 85' lang='lat' dir='ltr'>nonne</span> <span class='ocrx_word' id='word_1_142' title='bbox 1319 2684 1377 2727; x_wconf 83' lang='lat' dir='ltr'>cx-</span> 
     </span>
     <span class='ocr_line' id='line_1_21' title="bbox 278 2760 1379 2858; baseline 0 -24"><span class='ocrx_word' id='word_1_143' title='bbox 278 2778 404 2858; x_wconf 85' lang='lat' dir='ltr'>spectas</span> <span class='ocrx_word' id='word_1_144' title='bbox 432 2769 676 2834; x_wconf 88' lang='lat' dir='ltr'>Philocleonem</span> <span class='ocrx_word' id='word_1_145' title='bbox 700 2769 864 2834; x_wconf 89' lang='lat' dir='ltr'>dicturum</span> <span class='ocrx_word' id='word_1_146' title='bbox 887 2769 1008 2836; x_wconf 84' lang='lat' dir='ltr'>fuisse:</span> <span class='ocrx_word' id='word_1_147' title='bbox 1030 2760 1175 2856; x_wconf 68' lang='grc' dir='ltr'><em>ἷίληίίεςς</em></span> <span class='ocrx_word' id='word_1_148' title='bbox 1200 2765 1245 2849; x_wconf 79' lang='grc' dir='ltr'>ὡς</span> <span class='ocrx_word' id='word_1_149' title='bbox 1268 2763 1379 2849; x_wconf 74' lang='grc' dir='ltr'><em>αι’·δείς</em></span> 
     </span>
     <span class='ocr_line' id='line_1_22' title="bbox 278 2875 1377 2966; baseline 0 -22"><span class='ocrx_word' id='word_1_150' title='bbox 278 2901 313 2964; x_wconf 70' lang='lat' dir='ltr'>ps</span> <span class='ocrx_word' id='word_1_151' title='bbox 337 2875 500 2963; x_wconf 86' lang='grc' dir='ltr'><em>Διακρίων</em></span> <span class='ocrx_word' id='word_1_152' title='bbox 520 2877 718 2961; x_wconf 75' lang='grc' dir='ltr'><em>ὄέξαμαιί</em></span> <span class='ocrx_word' id='word_1_153' title='bbox 739 2879 801 2943; x_wconf 86' lang='lat' dir='ltr'>hoo</span> <span class='ocrx_word' id='word_1_154' title='bbox 823 2877 908 2943; x_wconf 91' lang='lat' dir='ltr'>enim</span> <span class='ocrx_word' id='word_1_155' title='bbox 934 2879 1054 2965; x_wconf 90' lang='lat' dir='ltr'>quippe</span> <span class='ocrx_word' id='word_1_156' title='bbox 1079 2879 1165 2966; x_wconf 90' lang='lat' dir='ltr'>quod</span> <span class='ocrx_word' id='word_1_157' title='bbox 1189 2881 1377 2966; x_wconf 87' lang='lat' dir='ltr'>primarium</span> 
     </span>
     <span class='ocr_line' id='line_1_23' title="bbox 277 2968 1377 3076; baseline 0 -23"><span class='ocrx_word' id='word_1_158' title='bbox 277 2968 328 3068; x_wconf 86' lang='lat' dir='ltr'>sit,</span> <span class='ocrx_word' id='word_1_159' title='bbox 352 2987 378 3051; x_wconf 91' lang='lat' dir='ltr'>si</span> <span class='ocrx_word' id='word_1_160' title='bbox 403 2985 490 3076; x_wconf 92' lang='lat' dir='ltr'>quid,</span> <span class='ocrx_word' id='word_1_161' title='bbox 513 2985 699 3052; x_wconf 89' lang='lat' dir='ltr'>addendum</span> <span class='ocrx_word' id='word_1_162' title='bbox 724 2998 801 3052; x_wconf 88' lang='lat' dir='ltr'>erat.</span> <span class='ocrx_word' id='word_1_163' title='bbox 830 2987 899 3052; x_wconf 92' lang='lat' dir='ltr'>Iam</span> <span class='ocrx_word' id='word_1_164' title='bbox 923 2987 949 3052; x_wconf 90' lang='lat' dir='ltr'>si</span> <span class='ocrx_word' id='word_1_165' title='bbox 972 2999 1081 3054; x_wconf 83' lang='lat' dir='ltr'>tecum</span> <span class='ocrx_word' id='word_1_166' title='bbox 1111 2989 1324 3074; x_wconf 88' lang='lat' dir='ltr'>reputaveris,</span> <span class='ocrx_word' id='word_1_167' title='bbox 1349 2989 1377 3053; x_wconf 92' lang='lat' dir='ltr'>si</span> 
     </span>
     <span class='ocr_line' id='line_1_24' title="bbox 279 3096 466 3183; baseline 0 -23"><span class='ocrx_word' id='word_1_168' title='bbox 279 3096 466 3183; x_wconf 86' lang='lat' dir='ltr'>legeretur:</span> 
     </span>
    </p>

    <p class='ocr_par' dir='ltr' id='par_1_7' title="bbox 207 3211 1424 4422">
     <span class='ocr_line' id='line_1_25' title="bbox 402 3211 1076 3310; baseline 0.003 -22"><span class='ocrx_word' id='word_1_169' title='bbox 402 3211 550 3307; x_wconf 68' lang='grc' dir='ltr'><em>ἄληθεςς</em></span> <span class='ocrx_word' id='word_1_170' title='bbox 574 3217 619 3302; x_wconf 74' lang='lat' dir='ltr'>aig</span> <span class='ocrx_word' id='word_1_171' title='bbox 643 3215 750 3303; x_wconf 72' lang='grc' dir='ltr'><em>οὐδείς</em></span> <span class='ocrx_word' id='word_1_172' title='bbox 771 3248 806 3310; x_wconf 79' lang='lat' dir='ltr'>ys</span> <span class='ocrx_word' id='word_1_173' title='bbox 829 3224 993 3307; x_wconf 87' lang='grc' dir='ltr'><em>Διακρίων</em></span> <span class='ocrx_word' id='word_1_174' title='bbox 1016 3250 1076 3290; x_wconf 91' lang='lat' dir='ltr'>v—</span> 
     </span>
     <span class='ocr_line' id='line_1_26' title="bbox 277 3349 1373 3439; baseline 0.005 -25"><span class='ocrx_word' id='word_1_175' title='bbox 277 3358 310 3414; x_wconf 86' lang='lat' dir='ltr'>et</span> <span class='ocrx_word' id='word_1_176' title='bbox 331 3371 462 3414; x_wconf 87' lang='lat' dir='ltr'>versum</span> <span class='ocrx_word' id='word_1_177' title='bbox 497 3349 653 3436; x_wconf 90' lang='lat' dir='ltr'>optimum</span> <span class='ocrx_word' id='word_1_178' title='bbox 686 3353 842 3416; x_wconf 81' lang='lat' dir='ltr'>forense</span> <span class='ocrx_word' id='word_1_179' title='bbox 872 3353 1044 3439; x_wconf 88' lang='lat' dir='ltr'>quicquam</span> <span class='ocrx_word' id='word_1_180' title='bbox 1077 3353 1298 3418; x_wconf 86' lang='lat' dir='ltr'>desideratum</span> <span class='ocrx_word' id='word_1_181' title='bbox 1323 3354 1373 3434; x_wconf 90' lang='lat' dir='ltr'>iri,</span> 
     </span>
     <span class='ocr_line' id='line_1_27' title="bbox 276 3458 1370 3548; baseline 0.005 -26"><span class='ocrx_word' id='word_1_182' title='bbox 276 3458 341 3523; x_wconf 91' lang='lat' dir='ltr'>imo</span> <span class='ocrx_word' id='word_1_183' title='bbox 364 3459 613 3546; x_wconf 86' lang='lat' dir='ltr'>responsionem</span> <span class='ocrx_word' id='word_1_184' title='bbox 641 3468 705 3524; x_wconf 89' lang='lat' dir='ltr'>tam</span> <span class='ocrx_word' id='word_1_185' title='bbox 731 3461 862 3548; x_wconf 87' lang='lat' dir='ltr'>plenam</span> <span class='ocrx_word' id='word_1_186' title='bbox 887 3485 982 3548; x_wconf 87' lang='lat' dir='ltr'>quam</span> <span class='ocrx_word' id='word_1_187' title='bbox 1011 3461 1156 3527; x_wconf 87' lang='lat' dir='ltr'>strictam</span> <span class='ocrx_word' id='word_1_188' title='bbox 1178 3465 1370 3530; x_wconf 85' lang='lat' dir='ltr'>exstituram</span> 
     </span>
     <span class='ocr_line' id='line_1_28' title="bbox 279 3565 1372 3661; baseline 0.005 -29"><span class='ocrx_word' id='word_1_189' title='bbox 279 3588 364 3650; x_wconf 88' lang='lat' dir='ltr'>esse,</span> <span class='ocrx_word' id='word_1_190' title='bbox 385 3565 510 3649; x_wconf 82' lang='grc' dir='ltr'><em>δέξεται</em></span> <span class='ocrx_word' id='word_1_191' title='bbox 530 3589 609 3634; x_wconf 88' lang='lat' dir='ltr'>vero</span> <span class='ocrx_word' id='word_1_192' title='bbox 633 3571 771 3635; x_wconf 86' lang='lat' dir='ltr'>verbum</span> <span class='ocrx_word' id='word_1_193' title='bbox 796 3580 828 3634; x_wconf 91' lang='lat' dir='ltr'>et</span> <span class='ocrx_word' id='word_1_194' title='bbox 850 3592 980 3634; x_wconf 81' lang='lat' dir='ltr'>versum</span> <span class='ocrx_word' id='word_1_195' title='bbox 1004 3571 1174 3637; x_wconf 84' lang='lat' dir='ltr'>destrucre</span> <span class='ocrx_word' id='word_1_196' title='bbox 1198 3583 1231 3638; x_wconf 91' lang='lat' dir='ltr'>et</span> <span class='ocrx_word' id='word_1_197' title='bbox 1253 3595 1313 3661; x_wconf 91' lang='lat' dir='ltr'>per</span> <span class='ocrx_word' id='word_1_198' title='bbox 1337 3596 1372 3638; x_wconf 88' lang='lat' dir='ltr'>se</span> 
     </span>
     <span class='ocr_line' id='line_1_29' title="bbox 277 3677 1374 3769; baseline 0.005 -27"><span class='ocrx_word' id='word_1_199' title='bbox 277 3677 450 3742; x_wconf 84' lang='lat' dir='ltr'>molestum</span> <span class='ocrx_word' id='word_1_200' title='bbox 483 3699 571 3760; x_wconf 87' lang='lat' dir='ltr'>esse,</span> <span class='ocrx_word' id='word_1_201' title='bbox 608 3678 633 3741; x_wconf 91' lang='lat' dir='ltr'>si</span> <span class='ocrx_word' id='word_1_202' title='bbox 670 3679 788 3744; x_wconf 88' lang='lat' dir='ltr'>deinde</span> <span class='ocrx_word' id='word_1_203' title='bbox 825 3679 1114 3764; x_wconf 83' lang='lat' dir='ltr'>animadverteris,</span> <span class='ocrx_word' id='word_1_204' title='bbox 1151 3705 1246 3769; x_wconf 87' lang='lat' dir='ltr'>quam</span> <span class='ocrx_word' id='word_1_205' title='bbox 1279 3683 1374 3748; x_wconf 82' lang='lat' dir='ltr'>facile</span> 
     </span>
     <span class='ocr_line' id='line_1_30' title="bbox 276 3785 1424 3878; baseline 0.004 -29"><span class='ocrx_word' id='word_1_206' title='bbox 276 3785 338 3850; x_wconf 89' lang='lat' dir='ltr'>hoc</span> <span class='ocrx_word' id='word_1_207' title='bbox 359 3787 495 3851; x_wconf 89' lang='lat' dir='ltr'>verbum</span> <span class='ocrx_word' id='word_1_208' title='bbox 517 3787 672 3852; x_wconf 88' lang='lat' dir='ltr'>orationis</span> <span class='ocrx_word' id='word_1_209' title='bbox 685 3789 739 3852; x_wconf 89' lang='lat' dir='ltr'>vel</span> <span class='ocrx_word' id='word_1_210' title='bbox 754 3788 970 3875; x_wconf 82' lang='lat' dir='ltr'>explicandae</span> <span class='ocrx_word' id='word_1_211' title='bbox 992 3791 1047 3854; x_wconf 81' lang='lat' dir='ltr'>vel</span> <span class='ocrx_word' id='word_1_212' title='bbox 1069 3790 1252 3878; x_wconf 84' lang='lat' dir='ltr'>explendae</span> <span class='ocrx_word' id='word_1_213' title='bbox 1276 3815 1375 3858; x_wconf 87' lang='lat' dir='ltr'>causa</span> <span class='ocrx_word' id='word_1_214' title='bbox 1421 3789 1424 3795; x_wconf 76' lang='grc'><strong>’</strong></span> 
     </span>
     <span class='ocr_line' id='line_1_31' title="bbox 276 3894 1371 3987; baseline 0.005 -29"><span class='ocrx_word' id='word_1_215' title='bbox 276 3918 294 3958; x_wconf 90' lang='lat' dir='ltr'>a</span> <span class='ocrx_word' id='word_1_216' title='bbox 317 3894 402 3960; x_wconf 87' lang='lat' dir='ltr'>male</span> <span class='ocrx_word' id='word_1_217' title='bbox 425 3895 540 3962; x_wconf 89' lang='lat' dir='ltr'>sedula</span> <span class='ocrx_word' id='word_1_218' title='bbox 557 3919 655 3962; x_wconf 88' lang='lat' dir='ltr'>manu</span> <span class='ocrx_word' id='word_1_219' title='bbox 677 3897 753 3964; x_wconf 87' lang='lat' dir='ltr'>addi</span> <span class='ocrx_word' id='word_1_220' title='bbox 780 3899 931 3984; x_wconf 85' lang='lat' dir='ltr'>potuerit,</span> <span class='ocrx_word' id='word_1_221' title='bbox 954 3922 1019 3965; x_wconf 90' lang='lat' dir='ltr'>non</span> <span class='ocrx_word' id='word_1_222' title='bbox 1042 3899 1165 3987; x_wconf 88' lang='lat' dir='ltr'>poteris</span> <span class='ocrx_word' id='word_1_223' title='bbox 1189 3900 1268 3985; x_wconf 90' lang='lat' dir='ltr'>quin</span> <span class='ocrx_word' id='word_1_224' title='bbox 1293 3901 1371 3964; x_wconf 90' lang='lat' dir='ltr'>mihi</span> 
     </span>
     <span class='ocr_line' id='line_1_32' title="bbox 276 4005 1375 4092; baseline 0.006 -24"><span class='ocrx_word' id='word_1_225' title='bbox 276 4005 450 4087; x_wconf 87' lang='lat' dir='ltr'>concedas,</span> <span class='ocrx_word' id='word_1_226' title='bbox 483 4005 663 4071; x_wconf 88' lang='lat' dir='ltr'>rectissime</span> <span class='ocrx_word' id='word_1_227' title='bbox 696 4016 728 4072; x_wconf 90' lang='lat' dir='ltr'>et</span> <span class='ocrx_word' id='word_1_228' title='bbox 756 4008 926 4072; x_wconf 86' lang='lat' dir='ltr'>verissime</span> <span class='ocrx_word' id='word_1_229' title='bbox 949 4007 1189 4073; x_wconf 87' lang='lat' dir='ltr'>Dobraeom</span> <span class='ocrx_word' id='word_1_230' title='bbox 1213 4009 1375 4092; x_wconf 78' lang='grc' dir='ltr'><em>δεδέξεται</em></span> 
     </span>
     <span class='ocr_line' id='line_1_33' title="bbox 275 4114 1372 4206; baseline 0.006 -28"><span class='ocrx_word' id='word_1_231' title='bbox 275 4122 311 4178; x_wconf 87' lang='lat' dir='ltr'>ut</span> <span class='ocrx_word' id='word_1_232' title='bbox 332 4114 477 4198; x_wconf 81' lang='lat' dir='ltr'>glossam</span> <span class='ocrx_word' id='word_1_233' title='bbox 501 4114 693 4201; x_wconf 87' lang='lat' dir='ltr'>explosisse.</span> <span class='ocrx_word' id='word_1_234' title='bbox 726 4116 797 4183; x_wconf 87' lang='lat' dir='ltr'>Nee</span> <span class='ocrx_word' id='word_1_235' title='bbox 820 4118 991 4204; x_wconf 91' lang='lat' dir='ltr'>quicquam</span> <span class='ocrx_word' id='word_1_236' title='bbox 1014 4129 1216 4206; x_wconf 88' lang='lat' dir='ltr'>potestesse</span> <span class='ocrx_word' id='word_1_237' title='bbox 1242 4121 1372 4202; x_wconf 80' lang='lat' dir='ltr'>certius,</span> 
     </span>
     <span class='ocr_line' id='line_1_34' title="bbox 207 4214 1372 4315; baseline 0.009 -31"><span class='ocrx_word' id='word_1_238' title='bbox 207 4214 211 4222; x_wconf 77' lang='grc'><strong>’</strong></span> <span class='ocrx_word' id='word_1_239' title='bbox 277 4245 373 4308; x_wconf 86' lang='lat' dir='ltr'>quam</span> <span class='ocrx_word' id='word_1_240' title='bbox 397 4224 493 4290; x_wconf 85' lang='lat' dir='ltr'>huius</span> <span class='ocrx_word' id='word_1_241' title='bbox 516 4224 620 4290; x_wconf 87' lang='lat' dir='ltr'>omnis</span> <span class='ocrx_word' id='word_1_242' title='bbox 646 4225 712 4290; x_wconf 85' lang='lat' dir='ltr'>loci</span> <span class='ocrx_word' id='word_1_243' title='bbox 734 4227 818 4294; x_wconf 85' lang='lat' dir='ltr'>hanc</span> <span class='ocrx_word' id='word_1_244' title='bbox 843 4250 914 4293; x_wconf 89' lang='lat' dir='ltr'>esso</span> <span class='ocrx_word' id='word_1_245' title='bbox 936 4228 1116 4312; x_wconf 87' lang='lat' dir='ltr'>rationem,</span> <span class='ocrx_word' id='word_1_246' title='bbox 1135 4238 1171 4294; x_wconf 88' lang='lat' dir='ltr'>ut</span> <span class='ocrx_word' id='word_1_247' title='bbox 1191 4229 1372 4315; x_wconf 87' lang='lat' dir='ltr'>Bdelycleo</span> 
     </span>
     <span class='ocr_line' id='line_1_35' title="bbox 275 4331 1373 4422; baseline 0.006 -26"><span class='ocrx_word' id='word_1_248' title='bbox 275 4331 371 4416; x_wconf 84' lang='lat' dir='ltr'>filius,</span> <span class='ocrx_word' id='word_1_249' title='bbox 394 4331 449 4419; x_wconf 85' lang='lat' dir='ltr'>qui</span> <span class='ocrx_word' id='word_1_250' title='bbox 469 4335 677 4418; x_wconf 81' lang='lat' dir='ltr'>antecedunt,</span> <span class='ocrx_word' id='word_1_251' title='bbox 703 4336 862 4420; x_wconf 87' lang='lat' dir='ltr'>versibus,</span> <span class='ocrx_word' id='word_1_252' title='bbox 884 4337 937 4422; x_wconf 91' lang='lat' dir='ltr'>qui</span> <span class='ocrx_word' id='word_1_253' title='bbox 962 4338 1154 4404; x_wconf 88' lang='lat' dir='ltr'>nobilissimi</span> <span class='ocrx_word' id='word_1_254' title='bbox 1178 4339 1237 4404; x_wconf 86' lang='lat' dir='ltr'>viri</span> <span class='ocrx_word' id='word_1_255' title='bbox 1252 4341 1285 4404; x_wconf 91' lang='lat' dir='ltr'>in</span> <span class='ocrx_word' id='word_1_256' title='bbox 1300 4361 1373 4404; x_wconf 88' lang='lat' dir='ltr'>oon·</span> 
     </span>
    </p>
   </div>
   <div class='ocr_carea' id='block_1_4' title="bbox 0 0 1550 5138">
    <p class='ocr_par' dir='ltr' id='par_1_8' title="bbox 0 0 1550 5138">
     <span class='ocr_line' id='line_1_36' title="bbox 0 0 1550 5138; baseline 0 3"><span class='ocrx_word' id='word_1_257' title='bbox 0 0 1550 5138; x_wconf 95' lang='lat' dir='ltr'> </span> 
     </span>
    </p>
   </div>
  </div>
 </body>
</html>
