3090 5138
707 476 747 542 31

181 662 274 727 κτλί
288 661 313 744 ¹)
336 662 401 729 Res
423 684 501 726 vero
526 661 764 748 simplicissima
787 661 867 725 baec
887 668 943 724 est.
978 658 1166 724 Insiciorius
1194 669 1279 747 post·

183 795 277 859 quam
305 795 376 836 cum
402 771 606 836 senatoribus
635 771 702 856 (qui
727 771 812 835 enim
837 769 1121 858 cupidissimorum
1145 791 1278 855 gressus

184 903 338 966 superare
371 881 551 969 potuerit‘l)
581 882 613 946 in
639 883 745 946 iorum
769 881 951 962 vcnit‚¹scd
975 882 1049 945 dum
1073 882 1105 946 hi
1126 881 1160 945 in
1183 883 1277 969 pisci-

180 991 270 1056 culos
294 991 424 1056 irrnunt
441 991 649 1056 condimento
671 990 777 1055 omnia
794 991 926 1072 coemit;
949 1000 1045 1075 atque
1064 991 1145 1055 haec
1160 989 1279 1056 deinde

182 1101 386 1167 senatoribus
408 1102 634 1166 liberalissime
657 1101 764 1166 donat.

281 1209 367 1276 Aliis
398 1210 479 1275 locis
503 1211 694 1275 Venetus
726 1211 911 1275 hominibus
942 1209 1138 1276 doctissimis
1168 1211 1275 1276 fraudi

178 1321 248 1385 fuit.
281 1320 361 1385 Ves
371 1342 402 1406 p.
431 1319 492 1384 ‘247
535 1343 609 1384 cum
652 1342 764 1385 omnes
798 1330 926 1405 praeter
950 1319 1114 1383 Venetum
1148 1319 1277 1386 codices

176 1423 292 1494 λαθών
312 1452 362 1506 τις
386 1427 573 1511 exhibeant,
588 1429 615 1491 is
637 1451 715 1492 vero
737 1427 857 1506 lisdoc
878 1453 938 1512 τις,
954 1430 1160 1493 llcrmannus
1175 1430 1277 1516 Berg-

179 1537 252 1603 kius
276 1537 449 1604 Richterus
471 1537 654 1602 Meinekius
676 1537 891 1625 scripserunt:

277 1639 321 1731 μή
343 1670 410 1710 που
434 1644 562 1724 λίθος
581 1671 646 1724 τις
666 1641 866 1730 ἐμποδών
887 1641 970 1733 ἡμᾶς
991 1641 1090 1712 κακόν
1110 1672 1142 1712 τι
1164 1643 1277 1736 δράσῃ.

268 1757 319 1820 Ac
343 1756 448 1820 fateor
471 1777 523 1820 me
557 1757 663 1843 ipsum
698 1756 838 1844 primum
869 1757 930 1820 hae
960 1757 1029 1820 sola
1059 1757 1099 1822 de
1124 1779 1220 1822 causa
1243 1756 1276 1821 in

180 1865 242 1928 hac
262 1864 422 1950 scriptura
440 1865 634 1943 offendisse,
668 1866 753 1952 quod
778 1887 829 1929 noe
852 1865 969 1930 mirum
990 1866 1143 1948 habebat,
1164 1887 1275 1930 veram

177 1973 350 2039 lectionem
373 1973 471 2052 λίθος
488 1974 520 2039 in
545 1975 662 2040 ceteris
685 1975 851 2040 codicibus
874 1975 907 2039 iu
928 1971 1044 2040 λαθών
1067 1976 1275 2063 depravatam

180 2103 262 2147 esse.
308 2084 387 2150 lllox
417 2105 496 2149 vero
533 2085 603 2170 ipsa
639 2085 800 2172 scriptura
832 2085 1006 2172 displicere
1038 2085 1167 2172 coepit,
1202 2083 1275 2171 quia

179 2186 336 2274 ἐμποδών
358 2192 566 2280 participium
583 2192 731 2278 flagitare
751 2187 933 2275 videbatui,
957 2175 1020 2278 duo
1037 2216 1109 2256 cum
1128 2192 1274 2256 subiecto

180 2301 443 2388 coniungeretur.
495 2301 564 2365 Iam
585 2325 658 2366 cum
677 2297 722 2388 μή
744 2325 811 2366 που
835 2312 867 2365 et
891 2296 1046 2384 ἐμποδών
1068 2296 1153 2388 ἡμᾶς
1175 2295 1276 2366 κακόν

182 2432 213 2473 τι
243 2404 346 2497 δράσῃ
381 2411 481 2474 verba
516 2432 649 2496 prorsus
683 2411 777 2475 firmo
813 2421 844 2474 et
877 2413 917 2476 ab
953 2411 1041 2474 omni
1080 2419 1172 2497 parte
1207 2420 1277 2484 tnta

169 2531 301 2601 essent,
330 2519 414 2584 nihil
444 2518 604 2583 relicuum
634 2530 704 2584 crat
734 2521 797 2585 nisi
822 2530 857 2584 ut
881 2519 979 2598 λίθος
1005 2543 1054 2598 τις
1086 2528 1274 2584 mutaretur.

180 2626 273 2692 Tunc
308 2627 438 2692 demum
471 2628 643 2710 intellexi,
678 2638 861 2693 ceterorum
900 2627 1051 2693 codicum
1083 2627 1274 2715 scripturam

179 2730 295 2800 λαθών
325 2761 376 2815 τις
411 2737 650 2825 recipiendam,
676 2739 793 2804 Veneti
820 2737 918 2816 libne
940 2763 990 2815 τις
1021 2738 1165 2824 glossam
1194 2759 1274 2802 esse.

180 2843 268 2924 Quid
290 2845 403 2910 enirn?-
423 2869 500 2910 num
534 2846 559 2910 si
592 2867 694 2912 senex
721 2846 849 2911 dicebat
875 2841 988 2934 μήπου
1010 2841 1125 2911 λαθών
1144 2869 1194 2924 τις
1218 2845 1275 2929 ἑμ-

177 2948 293 3018 πσδών
319 2949 402 3041 ἡμᾶς
424 2949 524 3020 κακόν
556 2979 587 3019 σι
617 2949 729 3042 δράσῃ,
763 2955 843 3020 hsce
873 2955 974 3020 verba
994 2954 1088 3019 aliter
1124 2954 1274 3040 intellegi

178 3073 329 3149 poterant
352 3086 447 3148 quam
472 3065 512 3129 de
534 3064 642 3152 lapide
665 3065 698 3128 in
722 3065 793 3152 ipsu
813 3065 863 3128 via
886 3064 1022 3130 latenti?
1044 3065 1169 3128 scilicet
1190 3063 1273 3128 latro

176 3194 243 3236 non
266 3168 423 3238 λανθάνει
447 3169 604 3256 ἐμποδών
632 3173 690 3237 sed
714 3174 746 3238 in
770 3173 895 3237 insidiis
918 3174 1006 3237 latet.
1054 3172 1174 3241 Senem
1197 3195 1275 3238 vero

177 3282 291 3347 ludere
314 3283 411 3347 etiam
442 3283 475 3346 in
499 3282 632 3367 vulgata
657 3282 797 3346 lectione
820 3282 1039 3373 intellegitur3
1064 3305 1136 3346 nam
1162 3304 1270 3346 rerum

176 3401 292 3456 natura
325 3413 482 3456 conversa
513 3391 656 3476 lapidem
680 3390 760 3454 dicit
784 3412 817 3453 se
846 3391 1045 3454 offensurum
1076 3413 1157 3472 esse,
1191 3413 1274 3474 cum,

176 3500 203 3563 si
229 3500 312 3586 quis,
336 3499 459 3586 ipsein
482 3499 592 3585 lapido
616 3501 800 3565 offensurus
823 3500 872 3563 sit.
907 3499 1032 3582 Quidni
1054 3500 1154 3583 igitur
1175 3499 1274 3564 ambi-

176 3608 333 3692 mitatem
357 3608 490 3696 expleat
515 3618 547 3672 ct
569 3617 733 3693 tamquam
756 3609 796 3672 de
826 3609 956 3672 homine
980 3607 1021 3674 do
1047 3608 1156 3694 lapide
1188 3608 1275 3673 dicat

174 3713 289 3782 λαθών
310 3718 382 3795 mg?
418 3719 534 3802 Itaque
553 3718 669 3782 Veneti
704 3715 801 3793 λίθος
821 3739 936 3781 verum
958 3717 1088 3802 quidem
1110 3718 1272 3806 iuterpre-

278 3984 302 4048 1)
322 3979 388 4034 Noli
406 3980 549 4034 offendere
568 3981 596 4032 iu
615 3974 802 4051 κάχαριζόμην
829 3978 904 4047 quod
922 3977 1056 4046 sequitur.
1095 3981 1182 4033 note
1202 3979 1274 4032 enim

175 4075 293 4130 Ioannes
312 4076 428 4131 Iacobus
448 4077 513 4132 Oeri
523 4075 676 4140 Helvetios,
696 4093 730 4128 ex
750 4075 846 4128 amicis
864 4075 932 4128 meis
952 4080 983 4126 ut
1000 4074 1060 4142 ipse
1076 4074 1136 4127 vult
1153 4055 1276 4146 ποιριοεοζ

174 4166 304 4236 πιότατος,
323 4173 500 4228 nihilominus
511 4191 577 4228 vero
595 4173 630 4226 de
641 4171 830 4241 Aristophane
850 4171 955 4240 optime
974 4170 1135 4233 meriturus,
1149 4171 1275 4239 spurium

172 4287 233 4324 esse
252 4270 304 4324 hoe
323 4288 395 4324 suno
413 4270 612 4324 dissertatione
630 4287 713 4340 quem
732 4269 767 4323 de
788 4267 977 4338 responsionis
1007 4267 1083 4336 apud
1106 4267 1275 4338 Aristopha-

172 4385 237 4423 nem
255 4367 364 4422 ratione
383 4372 411 4421 et
430 4369 581 4438 generibus
599 4367 810 4437 conscripturus
830 4371 881 4430 est,
901 4364 1024 4422 docebit.
