3090 5138
814 429 856 496 32

282 623 458 679 tomentum
481 615 537 680 sed
560 624 669 681 tamen
683 615 1009 702 interpretamentum
1024 637 1095 681 esse
1118 626 1150 680 et
1173 616 1235 684 ioci
1261 617 1384 683 bonam

279 731 404 808 partem
428 722 598 788 destruere
622 723 830 790 iudicandum
855 733 914 788 est.

381 829 430 895 Ib.
453 853 483 896 v.
498 829 560 896 259
585 831 627 897 G.
650 831 856 897 Hermannus
880 855 953 896 cum
978 833 1113 916 legisset
1134 833 1297 898 Venetum
1320 855 1384 920 pro

279 933 495 1023 βόρβορος
520 939 676 1004 exhibere
697 935 861 1024 deindeque
876 941 1021 1025 Berghio
1046 949 1077 1006 et
1099 941 1263 1008 Meinehio
1285 941 1385 1006 facile

281 1047 431 1134 probavit
452 1049 661 1114 scribendum
684 1071 775 1115 esse:
1000 1032 1004 1040 ¹

405 1148 472 1222 ἀλλ’
497 1152 610 1224 οὑτοσί
632 1183 689 1241 μοι
710 1153 929 1244 μάρμαρος
950 1159 1097 1247 φαίνεται
1124 1163 1293 1238 πατοῦντι,

383 1265 538 1332 Richtero
562 1291 627 1332 non
652 1267 741 1350 item,
766 1290 862 1352 quern
879 1277 986 1334 tamen
1009 1292 1074 1334 non
1096 1269 1173 1333 satis
1192 1269 1253 1335 sibi
1267 1289 1382 1356 parem

277 1374 393 1440 habuit
423 1372 654 1442 adversarium.
701 1374 879 1439 Videamus
905 1375 982 1460 quid
1011 1375 1052 1439 de
1077 1375 1137 1440 hac
1169 1397 1205 1439 re
1236 1374 1382 1440 iudican-

283 1483 360 1548 dum
393 1483 443 1547 sit.
487 1484 540 1548 Ae
572 1483 712 1571 primum
736 1484 867 1582 quidem
899 1483 1151 1568 Hermannus¹)
1183 1485 1263 1548 haee
1287 1482 1382 1547 dicit:

282 1591 492 1676 ,Legebatnr
513 1587 686 1678 βόρβορος.
732 1593 779 1658 At
802 1594 965 1680 quomodo
997 1595 1051 1660 hie
1081 1616 1183 1660 senex
1216 1595 1320 1659 altero
1343 1603 1381 1658 ut

283 1700 387 1764 lutum
410 1700 546 1766 evitaret
569 1701 690 1766 monito
710 1693 790 1766 ἀλλὰ
812 1701 923 1768 dicere
938 1703 1071 1791 potest?
1094 1701 1268 1788 quomodo,
1292 1701 1381 1787 quod

283 1810 415 1894 gravius
443 1820 502 1893 cst,
536 1811 561 1874 si
593 1821 626 1874 et
659 1810 730 1896 ipse
754 1834 788 1876 se
820 1812 853 1876 in
888 1812 955 1876 luto
986 1812 1140 1878 incedere
1174 1812 1281 1894 sentit,
1314 1833 1381 1875 non

283 1919 406 2008 pluisse
441 1919 548 2007 potius
582 1943 675 2006 quam
712 1921 796 1986 intra
829 1930 978 2006 quartum
1012 1915 1097 1986 diem
1132 1923 1274 1986 futuram
1309 1943 1381 1986 esse

282 2029 424 2118 pluviam
442 2027 577 2094 dicere?
606 2031 711 2094 Immo
733 2030 848 2094 durum
872 2031 932 2096 sibi
956 2040 1052 2116 atque
1074 2031 1252 2095 arefactum
1276 2029 1381 2094 solum

283 2137 389 2220 videri
410 2137 497 2203 dieat
516 2147 649 2202 neeesse
671 2140 750 2206 est.“
775 2140 873 2223 Quod
894 2141 991 2204 homo
1009 2139 1214 2206 doctissimus
1237 2139 1380 2224 primum

286 2249 327 2313 de
347 2239 428 2312 <illd
453 2247 540 2326 dicit,
567 2270 641 2312 cum
673 2270 710 2313 ea
743 2248 869 2314 ratione
895 2249 1063 2328 cohaeret,
1097 2273 1159 2336 qua
1181 2249 1240 2312 hos
1264 2269 1377 2313 versus

284 2378 396 2422 omnes
419 2356 505 2421 inter
528 2357 618 2424 chori
645 2360 739 2424 senes
763 2359 934 2437 distribuit,
960 2381 1056 2444 quam
1080 2359 1239 2444 rationem
1264 2379 1378 2422 omnes

283 2465 424 2530 editores
452 2465 522 2530 iure
543 2446 819 2552 improbaverunt.
864 2466 915 2532 Ae
938 2467 1035 2532 facile
1058 2467 1272 2554 intellegitur,
1297 2465 1378 2552 quid

243 2571 245 2576 ’
286 2576 365 2640 haee
388 2573 551 2660 particula
583 2573 617 2637 in
652 2574 799 2638 codicum
824 2575 963 2662 sriptura
983 2575 1077 2658 velit,
1106 2585 1144 2638 ut
1166 2575 1252 2639 enim
1275 2595 1374 2660 saepe

282 2681 363 2746 nihil
388 2681 553 2766 signifieat
574 2680 634 2745 nisi
652 2683 823 2748 transitum
847 2683 919 2748 fieri
941 2705 981 2748 ex
1003 2684 1065 2748 alia
1089 2705 1125 2748 re
1148 2683 1308 2761 insiliam,
1335 2680 1380 2746 ita

284 2791 344 2855 hoe
368 2791 441 2854 loeo
473 2789 607 2854 chorum
642 2811 713 2856 sese
741 2815 759 2854 a
791 2813 893 2877 puero
922 2792 961 2856 ad
984 2813 1019 2856 se
1047 2793 1152 2880 ipsum
1186 2799 1380 2860 convertere

285 2910 318 2964 et
354 2899 444 2983 quasi
485 2921 601 2962 novam
645 2900 877 2964 sententiarum
914 2901 1034 2965 seriem
1065 2894 1211 2986 incipere
1246 2898 1379 2964 indicat.

263 3007 445 3083 ¹Similiter
468 3008 554 3073 l’lut.
571 3009 610 3072 61
635 3007 834 3092 Chrcmylus
858 3017 1028 3095 postquam
1052 3029 1180 3072 servum
1202 3008 1379 3095 reprehen-

284 3117 342 3200 dit,
366 3117 405 3180 ad
421 3117 554 3183 Plutum
577 3139 755 3182 conversus
778 3117 904 3204 pergit:
927 3109 993 3181 ἀλλ’
1017 3111 1099 3182 εἴτι
1120 3116 1242 3200 χαίρεις
1263 3107 1381 3201 ἀνδρὸς

282 3217 421 3311 εὐόρκου
442 3220 582 3310 τρόποις
604 3223 677 3308 ἐμοὶ
700 3220 830 3312 φράσον
851 3226 918 3290 κτλ.
949 3225 1044 3308 Quod
1066 3249 1145 3292 vero
1168 3225 1379 3292 Hermannus

283 3336 392 3400 altero
426 3335 499 3399 loco
534 3333 627 3416 dixit,
663 3335 780 3398 mirum
807 3357 878 3401 esse
904 3357 1014 3401 senem
1039 3335 1125 3418 inde,
1158 3335 1244 3420 quod
1279 3357 1314 3400 se
1345 3335 1381 3399 in

284 3445 353 3508 luto
388 3442 543 3508 incedere
572 3443 723 3521 sentiret,
761 3443 959 3509 concludere
992 3443 1076 3508 intra
1110 3454 1260 3530 quartum
1293 3443 1380 3508 diem

284 3553 427 3618 futuram
461 3575 533 3619 esse
555 3552 699 3638 pluviam
722 3574 782 3618 nee
806 3554 913 3640 potius
938 3553 1072 3642 pluisse,
1093 3553 1155 3620 hoe
1178 3553 1247 3620 sine
1281 3553 1380 3618 dubio

283 3683 363 3728 vere
397 3661 520 3726 dictum
553 3671 602 3726 est
638 3683 744 3746 neque
772 3686 790 3725 a
817 3661 973 3728 Richtere
1005 3661 1193 3750 impugnari
1230 3661 1380 3744 debebat,

156 3803 158 3809 ·
222 3812 223 3818 κ
284 3770 339 3858 qui
361 3771 443 3836 haee
468 3771 544 3835 satis
568 3771 648 3835 mira
671 3769 857 3836 adnotavit:
882 3769 1008 3852 ,Senes
1031 3773 1087 3836 ubi
1111 3794 1246 3836 caenum
1268 3770 1382 3837 vident

283 3904 302 3942 a
327 3901 362 3944 se
386 3879 555 3958 calcatum,
592 3879 779 3944 meminisse
813 3901 941 3964 quoque
973 3879 1100 3944 dierum
1129 3891 1381 3944 consentaneum

285 3999 343 4072 est,
378 3989 494 4074 quibus
517 3989 668 4076 proxime
698 3988 842 4074 pluebat.
888 3988 1035 4069 Quorum
1061 3990 1188 4054 dierum
1212 4010 1382 4054 numerum

285 4121 358 4162 curn
379 4109 415 4164 ut
438 4122 497 4186 par
520 4108 569 4164 est
590 4098 753 4182 hodieque
776 4107 808 4162 et
839 4109 971 4164 naturae
992 4101 1189 4166 conveniens
1211 4099 1380 4175 humanae,

388 4329 412 4395 l)
430 4325 472 4380 De
491 4325 577 4381 choro
595 4326 678 4396 Vesp.
696 4343 724 4396 p.
744 4329 769 4383 7.
