3090 5138
782 440 821 506 10

254 628 311 694 vix
348 637 454 696 tamen
490 630 660 712 minorem,
694 652 789 716 quam
823 650 934 694 eorum
970 648 1052 714 quae
1084 626 1283 694 Ravennatis
1317 635 1350 692 ct

178 825 184 835 λ
250 737 372 804 Veneti
395 739 578 807 communia
601 763 698 828 supra
720 741 753 805 in
774 762 876 804 unum
898 736 1076 824 coegimus.
1099 737 1227 804 Eodem
1248 737 1348 824 igitur

250 849 332 932 iure,
368 871 431 934 quo
466 873 564 937 supra
595 851 814 932 Ravennatis,
848 873 937 915 nunc
970 849 1169 916 deteriorum
1200 846 1347 912 codicum

250 958 611 1046 archetypum'Voneti
633 961 759 1024 fontem
781 959 881 1025 fuisse
905 969 937 1024 et
962 980 1003 1026 ex
1026 957 1152 1024 duobus
1173 955 1238 1022 illis
1260 954 1347 1022 codi-

251 1067 342 1132 cibus
367 1067 452 1132 hunc
475 1068 608 1134 tertium
634 1069 845 1157 compilatum
868 1090 940 1134 csse
963 1067 1125 1133 dicemus.'

352 1177 445 1260 Quae
468 1200 540 1242 cum
561 1177 606 1244 ita
630 1177 704 1260 sint,
736 1177 921 1262 ubicunque
942 1178 1113 1244 Ravennae
1147 1183 1180 1242 et
1200 1174 1347 1240 Venetus

251 1285 338 1352 inter
360 1307 396 1351 se
420 1285 618 1373 discrepant,
650 1308 714 1352 non
744 1286 808 1352 iam
833 1286 1055 1370 quaerendum
1080 1285 1152 1367 erit,
1174 1293 1249 1350 uter
1271 1307 1348 1372 pro·
1399 1333 1405 1346 ,

251 1394 322 1482 pius
345 1394 386 1460 ad
409 1395 623 1487 archetypum
648 1395 803 1477 accedat,
838 1395 896 1460 sed
918 1403 1027 1460 utrum
1050 1394 1197 1460 Venetus
1221 1392 1347 1474 eodem,

251 1502 500 1590 quoRavennas
524 1527 565 1568 an
590 1526 653 1590 quo
674 1502 854 1570 deteriores
872 1501 1002 1570 codices
1026 1505 1116 1568 fonto
1139 1525 1216 1567 usna
1239 1501 1346 1567 fuerit.

350 1612 399 1678 At
419 1612 630 1680 inveniuntur
662 1614 735 1698 loci,
768 1614 824 1680 ubi
857 1613 974 1680 dubius
1006 1614 1150 1692 haereas,
1175 1611 1216 1676 ad
1239 1619 1347 1676 utrum

251 1725 374 1788 fontem
397 1722 518 1786 Veneti
539 1723 714 1789 lectionem
740 1724 874 1804 referas,
896 1722 1016 1810 quippe
1038 1743 1122 1806 quac
1143 1721 1183 1786 ab
1207 1729 1347 1805 utroque

250 1853 358 1919 aeque
390 1819 497 1898 aliena
528 1833 578 1900 sit.
623 1833 679 1902 Sic
703 1833 764 1918 Eq.
788 1833 851 1898 473
871 1834 1042 1902 Ravennas
1072 1831 1193 1920 aliique
1217 1829 1348 1896 codices

252 1963 364 2008 omnes
395 1940 625 2026 προςνιέμιιιον
653 1943 823 2026 exhibent,
855 1966 939 2007 unus
963 1941 1110 2006 Venetus
1132 1933 1343 2024 προςπεσών,

251 2050 353 2140 Vesp.
375 2051 436 2116 675
460 2052 548 2116 solus
568 2051 716 2116 Venetus
737 2053 988 2140 δωροφοροῦσιν
1011 2072 1070 2138 pro
1093 2050 1344 2134 δωροδοκοῦσιν,
1438 2088 1442 2098 ·

251 2183 281 2226 v.
308 2159 370 2224 702
395 2157 512 2230 ,ἔδαιον
544 2160 604 2249 pro
626 2150 782 2245 dtaooov,
813 2161 889 2228 Pac.
913 2160 993 2224 1317
1027 2151 1257 2245 κάπιχορεύειν
1285 2181 1345 2246 pro

248 2258 481 2348 κᾶννικελεύειν,
505 2270 586 2336 Ran.
599 2269 660 2336 753
680 2261 922 2353 κᾶκμολύνομαι
935 2291 995 2357 pro
1007 2259 1245 2352 κάκμιαίνομαι,
1263 2265 1346 2331 l’lut.

249 2375 308 2440 871
333 2373 508 2464 πράγματα
533 2401 593 2466 pro
615 2375 771 2465 χρήματα,
794 2401 824 2444 ν.
849 2379 930 2442 1044
951 2371 1141 2461 αἰσχύνομαι
1170 2399 1230 2464 pro
1253 2371 1346 2461 ὑβρί-

251 2487 355 2570 ζομαι.
400 2487 473 2554 Hae
504 2487 661 2554 lectiones
690 2509 763 2552 cum
798 2508 840 2552 ex
862 2496 978 2552 neutro
1001 2487 1093 2550 fonte
1115 2485 1249 2550 haustae
1272 2504 1345 2548 esse

149 2603 151 2606 ’
249 2596 386 2683 possint,
410 2599 576 2689 quaeritur
599 2606 709 2660 utrum
733 2581 789 2660 ex‘
808 2594 933 2660 librarii
964 2594 1098 2679 ingenio
1124 2617 1164 2658 an
1186 2591 1346 2658 extortio

250 2705 359 2790 aliquo
382 2705 471 2771 fonte
487 2706 653 2772 fluxerint.
679 2705 759 2772 Mihi
782 2705 916 2793 quidem
935 2705 1017 2770 illud
1040 2725 1155 2792 parum
1176 2701 1346 2791 probabile

256 2836 328 2881 csse
351 2813 490 2899 videtur,
513 2814 575 2880 hoc
597 2815 736 2880 alterum
748 2835 828 2880 vero
851 2814 973 2878 factum
990 2834 1060 2879 esse
1082 2835 1120 2878 eo
1144 2813 1248 2898 magis
1267 2809 1346 2876 mihi

249 2945 440 3012 persuasum
462 2934 530 3007 est,
564 2946 627 3011 quo
659 2925 754 3012 plura
788 2923 949 2989 accedunt
979 2944 1082 3009 eaque
1114 2922 1217 2986 m‘ulto
1250 2921 1346 2986 etiam

251 3033 392 3099 certiora
423 3033 511 3099 tertii
548 3035 646 3099 fontis
677 3033 826 3118 vestigia.
872 3031 962 3116 Quid
994 3031 1106 3097 enim?
1139 3030 1167 3096 si
1195 3030 1282 3098 Plut.
1304 3030 1347 3096 50

250 3143 421 3210 Ravennam
450 3142 531 3229 βίῳ,
566 3143 745 3210 deteriorcs
781 3142 912 3206 codices
939 3135 1062 3227 χρόνῳ,
1083 3140 1232 3206 Venetus
1266 3160 1345 3203 vcro

247 3251 422 3318 lectionem
437 3252 572 3318 exhibet
590 3252 766 3318 admodum
781 3252 983 3336 singularem
999 3245 1076 3332 ἔτει,
1095 3272 1173 3314 num
1186 3258 1221 3313 tu
1238 3258 1346 3336 putas,

249 3362 332 3426 hanc
353 3387 371 3428 a
394 3361 525 3428 librario
549 3373 690 3428 creatam
718 3361 811 3428 esso?
834 3361 898 3425 Vel
922 3361 948 3426 si
966 3361 1009 3426 ib.
1033 3383 1061 3426 v.
1081 3359 1161 3426 1013
1184 3359 1219 3425 in
1240 3357 1345 3425 omni-

247 3473 305 3536 bus
341 3471 413 3536 aliis
448 3470 614 3538 codicibus
630 3512 631 3515 =
648 3473 807 3559 scriptum
832 3479 881 3536 est
912 3465 1064 3556 μεγάλοις
1087 3460 1265 3555 ὀχουμένην
1273 3515 1283 3551 ,
1311 3467 1345 3532 in

248 3600 312 3642 uno
325 3577 454 3644 Veneto
478 3572 646 3662 μεγάλοισι
669 3574 707 3666 νὴ
723 3577 795 3662 Δία,
816 3601 895 3644 num
917 3587 954 3642 tu
977 3578 1040 3642 hoc
1064 3577 1190 3644 librarii
1211 3577 1345 3664 ingenio

249 3686 367 3761 dabis?
390 3687 426 3756 Si
449 3687 562 3770 velles,
591 3709 653 3774 ego
688 3710 756 3754 non
789 3687 1015 3756 concederem.
1058 3686 1130 3752 Nec
1151 3687 1221 3775 ipsc
1242 3687 1344 3768 voles,

247 3796 273 3864 si
297 3797 379 3862 alios
403 3797 493 3862 locos
526 3796 715 3880 contuleris,
736 3797 792 3862 ubi
821 3795 945 3863 similes
974 3796 1133 3862 lectiones
1159 3796 1192 3860 in
1214 3796 1344 3860 Veneto

247 3915 283 3970 ut
307 3906 416 3972 variae
446 3906 603 3971 lectiones
635 3907 669 3972 in
702 3906 851 3990 margine
882 3916 1007 3972 tantum
1036 3905 1222 3994 adscriptae
1252 3915 1344 3988 sunt;

247 4015 298 4080 his
322 4015 407 4080 enim
429 4014 511 4080 locis
535 4015 685 4080 librarius
706 4016 776 4104 ipse
801 4037 836 4080 sc
858 4015 954 4082 tortio
978 4015 1087 4100 aliquo
1114 4014 1226 4080 codice
1249 4037 1345 4080 usum

247 4145 320 4191 esse
343 4125 462 4212 prodit.
507 4123 558 4189 En
581 4125 662 4190 haec
685 4126 846 4213 exempla.
871 4125 972 4211 Vesp.
995 4125 1074 4189 1473
1098 4124 1247 4190 Venetus
1270 4147 1344 4190 cum

248 4234 368 4300 ceteris
390 4237 636 4322 κατακοσμῆσαι
656 4234 793 4322 recepit,
814 4235 872 4302 sed
893 4235 1013 4300 adiecit
1035 4258 1083 4320 χρ.
1104 4235 1344 4321 κατακηλῆσαις
1402 4313 1404 4316 ¹

247 4344 325 4410 Pac.
349 4344 430 4410 1144
453 4343 626 4411 Ravennas
661 4367 734 4410 cum
756 4344 876 4410 ceteris
900 4343 1035 4410 exhibet
1055 4335 1173 4434 ἅφανε,
1197 4344 1344 4410 Venetus
