3090 5138
739 425 780 492 29

307 611 428 678 Nullus
459 611 561 697 igitur
584 611 715 697 dubito,
750 613 829 698 quin
856 601 1095 702 Aristophanes
1129 615 1184 679 vel
1220 613 1306 699 quod
1421 655 1426 665 ·

211 717 355 788 Cobetus
376 721 430 785 vel
457 722 543 809 quod
568 721 752 788 Meinekius
777 721 936 803 coniecit,
959 745 995 786 re
1017 745 1095 788 vera
1129 722 1306 810 scripserit.

186 823 325 914 'Itaque
349 831 413 894 iam
428 830 704 918 deprehendimus
726 854 824 896 unum
848 842 896 896 sat
916 841 1040 896 eertum
1061 831 1130 896 eids
1152 853 1305 909 versuum

208 938 341 1025 generis
363 940 561 1028 exemplum,
589 940 676 1024 quod
698 939 834 1027 Reisigii
859 949 891 1004 et
923 951 1048 1006 nostras
1074 942 1169 1006 aures
1199 950 1302 1005 tento-

206 1070 287 1136 pere
311 1047 459 1115 offendit.
503 1049 569 1117 Sed
594 1049 691 1114 otiam
715 1050 853 1114 certiora
874 1051 954 1115 haee
978 1050 1155 1116 accedunt:

333 1173 416 1238 Ach.
437 1173 500 1238 538
525 1165 584 1238 οὐκ
607 1167 773 1261 ἠθέλομεν
793 1174 820 1239 δ’
847 1169 942 1260 ἡμεῖς
964 1173 1184 1258 δεομένων
1204 1174 1305 1238 πολ,-

1037 1280 1156 1364 λάκις

209 1457 211 1460 .
332 1393 376 1459 11).
397 1393 479 1458 1022
511 1393 595 1460 τίδ’
629 1393 779 1473 έπαθες;
819 1433 845 1440 -
879 1394 1053 1481 ἐπετρίβην
1084 1386 1306 1474 ἀπολέσας

279 1513 286 1519 ’
831 1524 834 1530 ’
1003 1501 1058 1569 eni
1080 1498 1155 1587 βόε

333 1614 394 1701 Eq.
410 1615 467 1679 113
491 1613 571 1702 φέρε
594 1639 650 1679 ναν
666 1610 727 1700 έμώ
740 1615 865 1700 ’μαστῷ
889 1608 1123 1698 προςαγάμω
1145 1608 1216 1678 τδν
1232 1608 1306 1695 χόα

334 1722 378 1787 11).
408 1723 490 1788 1374
525 1726 592 1788 ποί)
633 1724 713 1809 δῆτα
753 1722 959 1808 Κλεισθένης
996 1715 1198 1808 ἀγορά-σει
1236 1723 1304 1788 καί

964 1827 1155 1917 Στράτων

334 1939 409 2007 Pae.
420 1941 483 2006 439
503 1936 610 2025 μὰΛδ
630 1932 697 2006 ἀλλ’
722 1935 877 2030 ένεῖρήνη
894 1943 1108 2028 διαγαγεῖν
1128 1937 1305 2024 τδνβίον

331 2049 395 2114 Av.
429 2050 510 2114 1290
547 2041 797 2136 ὠρνιθομάνουν
831 2051 858 2116 δ’
896 2046 982 2116 οὕτω
1022 2054 1305 2140 περιφανῶς

954 2155 1153 2227 ὥστεκαὶ

331 2267 374 2334 ib.
400 2270 476 2337 1401
514 2264 664 2354 χαρίεντά
693 2270 719 2354 y’
751 2257 778 2333 oi
810 2271 965 2354 πρεσβῦτ’
1000 2269 1199 2359 ἐσοφίσω
1232 2270 1303 2335 καί

462 2396 464 2402 ’
1036 2374 1154 2466 σοφά

331 2490 389 2554 iba
400 2490 480 2555 1406
502 2489 729 2578 Λεωτροφίδῃ
751 2485 850 2574 χορὸν
871 2487 1110 2572 πετομένων
1129 2479 1282 2572 ὀρνέων

332 2597 421 2664 ΕσεΙ.
449 2600 511 2665 543
536 2590 654 2666 οἷίκονν
686 2601 798 2684 λαβεῖν
828 2599 854 2684 μ’
887 2590 985 2677 αδτάς
1012 2592 1218 2684 ἐδυνάμην
1241 2590 1303 2662 οὐ·
1397 2654 1399 2658 ,

1013 2708 1152 2793 δαμοῦ

330 2806 580 2906 protestationi
593 2820 726 2898 δέτινες
741 2811 854 2886 κάλλει
869 2814 1057 2902 δεόμενοι
1077 2821 1150 2884 τοῦ
1163 2820 1265 2884 θεοῦ
1278 2819 1303 2898 ι)

329 2928 372 2992 ih.
396 2927 457 2992 720
477 2928 530 2993 καὶ
552 2933 663 3010 σχῖνον
686 2921 743 2994 εἶτ’
770 2920 839 3012 δξει
861 2927 1055 3012 δίεμενος
1079 2928 1278 3016 σφηττίιμ.

303 3036 395 3101 Ηεεα
428 3036 600 3102 duodecim
636 3039 788 3124 exempla
823 3039 961 3112 docent,
992 3038 1032 3102 ab
1067 3037 1299 3127 Aristophanis

205 3157 294 3212 certe
314 3146 448 3212 metrica
485 3156 556 3212 arte'
577 3171 642 3213 non
667 3148 731 3214 ianr
756 3171 851 3236 posse
880 3146 1067 3236 improbari,
1089 3170 1169 3234 quos
1193 3169 1302 3216 emen·

204 3255 327 3321 dandos
350 3277 420 3320 esse
451 3280 548 3344 supro
579 3257 672 3352 nobis
699 3239 890 3345 persuasom
915 3265 994 3339 erat,
1018 3255 1174 3342 Equitum
1197 3256 1302 3341 illum,

201 3365 289 3430 unde
311 3365 421 3431 exorsi
444 3389 555 3431 sumus
578 3376 611 3430 et
631 3366 753 3432 Avium
772 3390 913 3432 versum.
952 3366 1061 3452 Atque
1085 3365 1145 3430 hoo
1168 3366 1300 3453 quidem

201 3475 273 3540 loco
295 3497 368 3539 cum
392 3476 460 3538 sola
479 3475 608 3539 aurium
631 3475 811 3540 offensione
834 3473 986 3540 commoti
1003 3469 1043 3539 σί
1067 3473 1299 3560 expellendum

201 3605 273 3649 esse
297 3576 532 3665 censuerimus
565 3585 623 3650 has
645 3606 724 3649 vero
756 3606 816 3672 pro
843 3583 1063 3672 Aristophane
1096 3583 1192 3648 nimis
1225 3585 1299 3648 sub·

201 3690 274 3756 tiles
286 3691 388 3756 fuisse
402 3689 607 3756 intellectum
629 3691 670 3756 sit
683 3690 723 3774 ²),
745 3690 982 3756 restituendum
998 3691 1060 3755 erit
1083 3690 1170 3775 quod
1195 3689 1295 3776 vulgo

201 3799 390 3886 legebatur:

200 3959 403 3978 ’.ξ-ᾕ-

301 4065 326 4126 1)
345 4063 426 4116 Hune
444 4079 555 4116 versum
574 4059 685 4114 Carioni
707 4059 928 4114 continuandum
947 4077 1008 4114 sese
1028 4059 1166 4114 existimo.

298 4164 325 4228 2)
347 4157 466 4213 Omnino
494 4157 668 4229 experientia
693 4157 795 4212 iterum
815 4161 897 4225 etque
916 4157 1018 4210 iterum
1045 4172 1090 4210 me
1109 4155 1213 4222 docuit,
1235 4155 1299 4210 Ari-

200 4255 367 4326 stophanem
384 4255 415 4309 in
425 4255 553 4310 versibus
563 4255 716 4325 pangendis
734 4272 790 4310 non
809 4270 870 4307 eam
887 4251 1063 4322 diligentiam
1074 4253 1199 4322 posuisse
1216 4269 1299 4322 quem

200 4351 358 4424 suspiceris,
376 4350 514 4421 nobisque
538 4352 692 4406 cavendum
707 4369 777 4416 esse,
796 4368 830 4403 ne
851 4348 927 4419 quod
938 4349 1052 4403 surihus
1071 4349 1175 4403 nostrie
1194 4347 1297 4420 displi-
