3090 5138
732 455 751 518 7

290 641 394 708 Vides
419 641 553 709 nonita
576 641 678 708 multa
701 662 738 705 ea
758 661 830 704 usse
853 639 1021 724 utriusque
1054 637 1175 704 codicis
1198 636 1288 720 vitia,

193 773 278 838 quae
300 751 440 818 dubitari
473 759 635 834 nequeat,
668 749 748 836 quin
772 771 814 814 ex
842 747 959 814 eodem
990 748 1082 812 fonto
1112 745 1287 830 fluxerint3

189 885 263 925 nam
294 861 392 924 stiam
427 881 470 924 ex
501 859 549 924 eis
582 878 666 944 quae
692 857 796 922 adtuli
830 856 1057 924 communibus
1085 853 1172 922 vitiis
1202 863 1288 936 sunt,

188 991 271 1054 quae
294 968 381 1056 quod
404 968 438 1034 in
469 978 610 1054 utroque
641 965 755 1032 codice
779 965 1007 1050 inveniuntur,
1029 965 1116 1030 casui
1142 964 1288 1030 tribuere

187 1079 303 1167 possis.
335 1080 493 1144 Attamen
514 1086 651 1159 restant,
671 1077 727 1142 ubi
748 1099 814 1141 non
837 1086 948 1162 potes3
970 1085 1068 1162 atquo
1090 1076 1124 1140 in
1136 1074 1288 1140 Nubibus

189 1189 330 1254 dubitari
352 1210 419 1253 non
443 1195 560 1275 potest,
584 1188 661 1275 quin
683 1186 884 1254 Ravennatis
907 1195 940 1251 et
960 1184 1081 1250 Veneti
1102 1184 1190 1266 idem
1213 1185 1287 1250 fons

188 1297 298 1363 fuerit.
342 1295 459 1381 Neque
491 1297 553 1362 hoe
581 1319 647 1362 non
680 1306 789 1383 potest
811 1295 914 1379 sumi,
943 1294 1031 1382 quod
1063 1317 1130 1358 non
1158 1293 1287 1380 saepius

187 1405 300 1494 optimi
323 1404 454 1471 codices
474 1429 539 1470 uns
562 1415 709 1493 peceant,
730 1405 902 1490 archetypi
926 1403 1038 1468 virtuti
1060 1402 1183 1470 deberi.
1213 1403 1287 1468 Ηκσ

187 1515 228 1580 de
254 1537 350 1581 causa
372 1514 619 1580 eoncedendum
642 1524 702 1598 est,
723 1513 828 1580 videri
851 1535 906 1578 eos
927 1513 1043 1578 fratres
1068 1534 1150 1578 essu.
1177 1511 1287 1598 *Quod

185 1624 211 1692 si
236 1635 333 1707 sunt,
368 1623 593 1709 quaerendum
627 1633 687 1706 est,
720 1633 794 1690 uter
814 1634 941 1709 putrem
976 1622 1081 1707 magis
1109 1621 1287 1688 reseraret
1337 1667 1348 1689 Δ.

186 1731 363 1799 maioribus
387 1733 602 1821 pluribusque
624 1733 798 1819 splendeat
818 1734 1002 1798 virtutibus.

273 1841 397 1908 Iterum
418 1844 458 1908 ab
471 1842 695 1928 Equitibus
717 1843 891 1928 ordiamur,
906 1845 940 1911 in
956 1867 1018 1930 qua
1033 1850 1082 1908 sat
1104 1841 1197 1908 multi
1220 1841 1285 1906 loci

184 1950 408 2033 inveniuntur,
434 1952 489 2018 ubi
510 1953 682 2020 Ravenna-s
703 1953 793 2018 solus
817 1952 901 2040 patri
927 1955 1099 2020 obsecutus
1123 1950 1284 2037 σφάλλε-

186 2067 281 2124 notus
310 2061 350 2125 ab
376 2081 415 2124 eo
445 2062 585 2148 turpiter
609 2062 787 2128 descivisse
816 2061 1009 2128 iudicandus
1030 2073 1089 2130 est.
1112 2061 1177 2126 Hic
1198 2060 1285 2126 enim

186 2189 216 2232 v.
239 2167 278 2232 14
299 2168 380 2234 falso
403 2151 550 2234 ausuum
572 2171 671 2236 habet
691 2193 758 2250 σοι,
785 2195 815 2238 v.
838 2171 877 2236 ur
901 2163 969 2238 σε*
995 2166 1013 2236 ὁ
1041 2171 1199 2258 scriptum
1225 2191 1298 2258 pro.

186 2270 268 2356 ὁδί,
289 2301 320 2343 v.
334 2279 374 2344 70
395 2269 617 2347 ὀκταπλάσιον
638 2305 698 2369 pro
720 2272 932 2359 ὀκταπλάσια,
960 2304 989 2350 v.
1008 2281 1067 2346 133
1089 2283 1207 2346 τοάτον
1224 2301 1284 2367 pro

186 2381 290 2466 τόνδε,
315 2410 345 2452 ν.
367 2389 426 2454 143
450 2387 571 2471 ἐξολῶν
595 2413 657 2478 pro
680 2389 813 2472 ἐξελῶν,
839 2414 869 2456 v.
892 2391 952 2456 175
975 2389 1002 2475 χ’
1025 2411 1086 2475 pru
1107 2390 1146 2468 δ’,
1170 2411 1201 2454 ν.
1225 2389 1283 2456 187

186 2485 260 2561 οἷον
282 2519 343 2582 pro
365 2492 462 2578 ὅσον,
484 2520 514 2562 v.
539 2498 600 2562 190
617 2497 709 2564 τουτί
734 2521 771 2568 σε
798 2493 900 2582 μόνον
921 2521 980 2585 pro
1006 2498 1098 2566 τουτί
1119 2492 1220 2582 μόνον
1243 2499 1283 2577 α’,

185 2627 216 2672 v.
239 2606 299 2671 201
321 2600 361 2672 αἴ
380 2629 434 2672 κεν
457 2629 517 2694 pro
539 2601 579 2671 αἲ
592 2631 641 2686 κα,
667 2631 697 2674 v.
712 2609 774 2676 212
792 2602 854 2692 εἴμ’
880 2601 1111 2688 ἐπιτροπεύειν
1132 2629 1191 2693 pro
1212 2605 1286 2673 ἐπι-

183 2709 359 2800 τροπεύειν
386 2709 461 2798 εἴμ’,
487 2739 518 2783 v.
541 2716 602 2782 236
626 2713 831 2801 ξυνώμνντον
852 2701 912 2806 pru
928 2713 1145 2802 ξυνόμνυτον,
1166 2740 1197 2782 v.
1222 2718 1285 2782 272

184 2817 271 2906 πρὸς
293 2845 353 2910 pro
374 2817 422 2902 τὸ,
445 2847 475 2889 v.
499 2824 562 2888 854
583 2814 726 2909 άκρατον
747 2848 807 2914 pro
838 2818 998 2912 άκράτου,
1022 2847 1052 2890 v.
1070 2826 1131 2892 357
1162 2821 1285 2892 ἐκπιών

184 2954 244 3018 pro
273 2925 437 3016 ἕπιπιών,
459 2955 489 2997 v.
511 2932 573 3000 365
595 2933 695 3016 ἐξελῶ
728 2959 788 3024 pro
811 2935 927 3018 ἐξέλξω
960 2937 1054 3021 (Βεν.
1085 2934 1281 3020 ἑξελλάχξω),

183 3064 214 3104 v.
236 3042 299 3106 373
319 3043 478 3126 περιτιλῶ
500 3066 560 3130 pro
588 3045 770 3130 παρατιλῶ,
792 3070 823 3111 v.
838 3046 899 3112 377
923 3038 995 3110 εἶτά
1016 3046 1043 3131 χ’
1068 3067 1128 3132 pro
1150 3037 1223 3110 εἶτα
1241 3043 1280 3124 δ’,

182 3173 212 3216 ν.
235 3151 297 3216 385
319 3142 378 3216 οάκ
399 3141 449 3236 άρ’
473 3139 511 3238 ἦν
533 3175 591 3240 pro
615 3139 653 3240 ἦν
675 3143 725 3237 άρ’
750 3145 798 3232 ori,
822 3177 853 3220 v.
875 3155 938 3220 412
959 3155 1101 3221 παιδίων
1123 3175 1182 3243 pro
1204 3179 1283 3219 παι-

182 3257 255 3324 δίον
278 3269 311 3324 st
331 3259 547 3344 μαχαιριδίων
561 3285 620 3348 pro
635 3262 844 3347 μαχαιρίδων,
861 3285 891 3328 v.
904 3263 965 3328 437
982 3263 1036 3330 καί
1050 3287 1111 3352 pro
1129 3258 1159 3351 ἢ,
1176 3286 1207 3328 v.
1219 3262 1281 3327 511

183 3364 249 3453 ἔπη
269 3367 420 3451 λέξοντας
441 3393 501 3458 pro
524 3370 675 3452 λέξοντας
700 3369 782 3458 ἔπη,
809 3395 842 3436 ν.
863 3375 924 3440 537
958 3368 1199 3462 στυφελισμούς
1221 3397 1281 3462 pro

182 3474 442 3566 στυφελιχμοάς,
465 3503 496 3543 ν.
520 3481 582 3546 604
602 3473 674 3545 εἶτά
698 3482 724 3567 χ’
750 3504 810 3570 pro
837 3474 908 3548 εἶτα
930 3482 972 3567 δ’,
992 3506 1022 3548 v.
1039 3482 1101 3547 646
1133 3485 1199 3547 τῶν
1221 3505 1281 3570 pro

183 3582 224 3666 oi,
249 3611 280 3653 v.
302 3589 364 3652 675
385 3591 553 3670 πανταχοῦ
574 3612 635 3678 pro
661 3595 818 3678 πανταχῆ,
838 3616 869 3656 v.
881 3591 943 3656 698
964 3587 1019 3657 ε’άν
1038 3615 1099 3680 pro
1121 3591 1159 3672 si,
1175 3615 1206 3656 v.
1220 3593 1281 3658 748

181 3697 221 3762 ἵν’
245 3696 369 3764 ἐκεῖνον
392 3721 452 3786 pro
478 3698 531 3764 ἵνα
559 3703 693 3780 τοῦτον,
717 3724 747 3766 v.
772 3702 830 3766 767
854 3692 1092 3789 άντιβεβληκιάς
1112 3725 1172 3790 pro
1194 3693 1282 3769 άντι·

180 3801 338 3894 βεβηκώς,
361 3830 392 3872 v·
405 3807 466 3874 768
488 3808 704 3895 ὁιστμηθείην
726 3833 786 3896 pro
808 3810 1060 3899 κατατμηθείην,
1085 3835 1114 3878 ν.
1139 3812 1200 3877 776
1224 3837 1282 3895 χα·

181 3914 328 4003 ριζοίμην
361 3939 421 4005 pro
446 3919 634 4006 χαριοίμην,
666 3943 696 3985 v.
719 3920 779 3986 856
801 3916 1076 4007 καθαρπάσαντες
1102 3943 1162 4008 pro
1182 3947 1282 3988 κατα-

181 4019 376 4110 σπάσαντες,
399 4049 428 4092 v.
441 4027 503 4092 880
526 4026 680 4114 χίνιονται
699 4052 760 4117 pro
780 4027 934 4114 χίνοιντο,
956 4055 987 4099 v.
999 4031 1062 4095 902
1082 4027 1206 4118 πόνηρε
1219 4054 1279 4119 pro

180 4137 355 4220 πανοῦργε,
376 4157 404 4197 v.
420 4136 501 4200 1039
525 4127 562 4202 ὃν
585 4159 644 4224 pro
666 4133 734 4221 τάν,
758 4161 788 4202 v.
805 4139 884 4204 1058
906 4135 1029 4228 φράζευ
1052 4163 1111 4228 pro
1135 4135 1280 4228 φράσσαι

181 4243 274 4326 (Rav.
291 4240 440 4334 φράσαι),
460 4267 490 4310 v.
505 4245 586 4310 1084
605 4241 740 4334 φράζεις
762 4270 822 4334 pro
841 4243 966 4337 φράζει,
990 4272 1021 4314 v.
1036 4250 1117 4314 1110
1135 4240 1196 4337 ἤδη
1217 4275 1278 4340 pro

179 4347 268 4433 εἴσω,
286 4379 316 4420 v.
331 4356 412 4420 1118
432 4350 518 4441 πρός
539 4382 574 4422 τε
592 4353 650 4424 τὸν
661 4381 722 4446 pro
734 4354 820 4442 πρὸς
837 4354 895 4426 τόν
907 4383 953 4442 τε,
972 4384 1002 4426 ν.
1018 4360 1093 4425 1131
1118 4356 1204 4427 σάτω
1217 4385 1277 4450 pro
