3090 5138
739 445 763 513 9

203 628 283 694 hooc
314 631 412 695 verba
443 630 536 696 futile
566 629 830 718 supplementum
863 649 934 692 esse
966 629 1187 714 probaverunt
1218 623 1301 689 mihi

204 738 413 803 Hermannus
436 748 469 803 et
491 739 694 804 Dindorfius.

301 851 341 917 In
362 849 521 938 proximis
548 849 668 914 fabulis
697 851 792 938 plura
808 849 927 914 Veneti
950 859 982 913 ot
1005 859 1189 914 ceterorum
1214 845 1300 911 eodi-

203 985 277 1026 cum
313 959 490 1026 communis
528 959 664 1044 originis
688 959 827 1043 vestigia
858 959 1026 1024 inventum
1060 959 1099 1022 iri
1136 957 1300 1045 sperabis3

203 1070 289 1154 quod
312 1069 413 1154 longe
447 1091 541 1134 secus
564 1078 622 1133 ost.
667 1067 886 1155 InVespis
915 1067 1000 1132 enim
1032 1067 1086 1132 vix
1121 1068 1215 1155 plura
1248 1067 1301 1131 vel

203 1179 345 1244 certiora
366 1178 547 1264 indagabis,
567 1199 662 1261 quam
685 1177 770 1260 quod
789 1167 937 1242 Venetus
960 1199 1033 1242 eum
1058 1176 1174 1242 ceteris
1195 1198 1225 1240 v.
1240 1175 1299 1239 147

203 1282 386 1375 ε’σεῤῥήσεις
413 1274 547 1352 exhibet
569 1310 629 1375 pro
652 1281 806 1374 ἐρρήσεις,
829 1309 860 1351 v.
887 1287 945 1351 175
966 1289 1092 1352 θάττον
1111 1307 1170 1371 pro
1193 1276 1300 1362 αὐτὸν,

207 1421 238 1462 v.
261 1397 323 1462 239
345 1391 477 1482 ἥψομεν
501 1418 560 1481 pro
582 1390 731 1482 ἥψομεν,
764 1419 793 1460 v.
817 1396 880 1460 319
899 1396 1033 1481 τηροῢμ’
1063 1419 1121 1482 pro
1143 1397 1303 1481 τηροῦμαι

202 1506 241 1586 δ’,
269 1529 298 1570 v.
323 1507 381 1572 661
407 1501 533 1570 τούτων
569 1528 629 1593 pro
663 1500 781 1570 τούτου
791 1555 801 1587 ,
826 1515 858 1569 et
882 1528 910 1570 v.
933 1505 994 1569 458
1017 1496 1076 1570 οὐκ
1108 1505 1244 1590 omitti13
1269 1505 1302 1570 in

205 1617 313 1682 Pace
346 1639 417 1681 cum
449 1616 567 1681 ceteris
600 1639 630 1679 v.
653 1617 692 1680 31
718 1609 839 1700 μήποτ’
874 1617 1011 1702 praebet
1040 1637 1099 1700 pro
1129 1612 1300 1708 μηδέποτ’,

202 1749 233 1789 v.
257 1719 319 1791 233
344 1723 438 1792 ἔνδον
465 1748 524 1812 pro
548 1720 704 1806 ἔνδοθεν,
727 1747 758 1788 v,
776 1723 838 1789 600
859 1747 896 1789 σε
925 1717 1053 1806 λαβόντ’
1078 1747 1137 1812 pro
1161 1717 1300 1806 λαβόντ’,

206 1857 237 1899 v.
260 1835 322 1900 585
344 1833 481 1924 δαίμονα
503 1856 561 1920 pro
583 1827 743 1915 δαιμόνια,
768 1855 797 1896 ν.
813 1833 873 1896 705
895 1823 1113 1920 αἰγεξάμεσθα
1136 1854 1195 1918 pro
1219 1823 1304 1922 άφη-

204 1938 368 2027 σάμεσβα.
391 1941 474 2008 Nam
499 1942 584 2026 quod
601 1963 630 2006 v,
644 1941 704 2006 897
727 1941 760 2004 in
778 1939 924 2005 omnibus
942 1949 1072 2028 praeter
1083 1941 1302 2007 Ravennatem

205 2052 373 2118 codicibus
402 2053 539 2118 omissus
569 2061 636 2134 est,
666 2051 741 2114 huio
775 2049 823 2113 rei
860 2059 1032 2136 propterea
1063 2073 1215 2135 magnam
1239 2050 1302 2114 vim

209 2185 275 2226 non
311 2161 434 2243 tribuo,
468 2159 542 2246 quia
575 2158 668 2222 facile
705 2157 800 2232 otiam
836 2156 955 2222 diversi
988 2156 1110 2222 librarii
1141 2181 1159 2222 a
1193 2157 1302 2246 priore

205 2264 336 2336 ἑστάναι
356 2269 396 2333 ad
419 2269 557 2333 altorum
581 2269 732 2332 aberrare
758 2275 942 2352 potuerunt.

305 2379 457 2445 Certiora
480 2378 621 2462 vestigia
646 2378 753 2442 Aves
787 2376 939 2442 continet.
964 2400 993 2440 v.
1018 2377 1058 2440 23
1079 2376 1224 2440 Venetus
1248 2375 1302 2440 de-

209 2487 364 2552 teriorum
396 2487 542 2552 codicum
566 2468 633 2551 οὔδ’
667 2486 791 2574 recepit
822 2508 881 2573 pro
905 2485 1102 2551 Ravennatis
1124 2471 1184 2572 ἧδ’,
1210 2507 1241 2550 ν.
1262 2485 1303 2550 69

208 2587 290 2661 otto}
311 2619 371 2684 pro
399 2589 497 2682 άτάρ,
519 2619 550 2660 v.
574 2597 633 2660 122
658 2591 927 2680 ἐγκατακλιθῆναι
948 2619 1007 2682 pro
1033 2593 1301 2680 ἐγκατακλινῆναι,

203 2729 233 2770 v.
246 2705 309 2770 432
330 2705 416 2789 quod
438 2705 571 2789 gravius
584 2714 641 2784 ost,
668 2703 770 2790 λέγειν
789 2703 899 2769 κέλευέ
918 2729 975 2788 μοι
996 2701 1099 2789 λέγειν
1120 2727 1179 2792 pro
1200 2702 1303 2787 λέγειν

203 2813 306 2900 λέγειν
327 2814 437 2880 κέλεαί
457 2840 525 2900 μοι,
550 2839 579 2879 v.
596 2815 656 2880 491
682 2812 1122 2900 τορνεντασττιιίολοροιτηγοί
1144 2835 1204 2900 pro
1226 2837 1303 2897 τορ-

204 2907 592 3008 νευτολυρασπιδοπηγοί,
618 2945 647 2984 v.
669 2923 731 2988 692
753 2921 909 3008 Προδίκῳ
938 2923 1015 3007 παρ’
1039 2920 1119 3005 ἐμοῦ
1142 2944 1201 3010 pro
1224 2923 1301 3007 παρ’

210 3031 290 3116 ἐμοῦ
312 3030 478 3118 Προδίκῳ.

302 3141 396 3206 Talia
420 3141 516 3212 otiam
551 3142 584 3232 in
606 3142 735 3208 Ranis
769 3142 990 3208 inveniuntur.
1015 3165 1044 3206 v,
1070 3141 1130 3208 129
1153 3141 1300 3208 Venetus

203 3275 276 3316 oum
307 3251 525 3317 deterioribus
547 3252 714 3338 plerisque
734 3239 816 3341 κᾷτα
841 3275 902 3339 pro
924 3245 995 3318 εἶτα
1022 3253 1165 3332 exhibet,
1191 3275 1221 3317 v.
1242 3254 1302 3318 317

203 3359 308 3426 ἐκεῖνο
323 3383 382 3447 pro
397 3359 491 3426 ἐκεῖν’
515 3348 552 3440 oi,
577 3384 607 3424 v.
620 3362 682 3427 520
702 3353 870 3448 αὐλητρίσι
884 3385 942 3451 pro
959 3353 1155 3449 ὀρχηστρίσι,
1178 3385 1208 3426 v.
1222 3363 1303 3426 1019
1390 3355 1401 3380 ⁸

202 3465 242 3536 σι)
263 3469 295 3533 τί
307 3493 366 3557 pro
378 3469 411 3534 τί
434 3465 483 3549 σι),
509 3493 538 3535 v.
556 3472 635 3536 1035
659 3468 732 3553 ἔσχε
748 3472 802 3537 καί
823 3471 916 3550 κλέος
938 3495 997 3560 pro
1018 3471 1072 3537 καί
1092 3471 1185 3550 κλέος
1200 3469 1301 3554 ἔσχεν,

202 3601 232 3644 v.
258 3579 338 3643 1066
368 3570 434 3643 ἀλλ’
462 3577 495 3644 ἐν
522 3578 646 3666 ῥακίοις
670 3603 727 3667 pro
757 3572 838 3645 ἄλλά
867 3581 1007 3670 ῥακίοις,
1041 3605 1070 3647 v.
1096 3583 1178 3647 1330
1199 3575 1304 3647 κτάνον

204 3711 266 3776 pro
288 3683 425 3772 τρόπον,
449 3711 478 3754 v.
506 3688 586 3752 1366
610 3675 715 3775 ὅσπερ
741 3713 801 3778 pro
822 3685 914 3774 ὅπερ.

305 3799 345 3864 In
368 3798 496 3863 Pluto
514 3799 661 3864 Venetus
684 3823 756 3865 oum
780 3801 898 3865 ceteris
921 3824 950 3862 v.
962 3801 1002 3864 56
1028 3800 1161 3864 exhibet
1176 3794 1304 3889 φράσον

201 3929 261 3993 pro
283 3902 440 3996 φράσεις,
472 3931 501 3974 v.
525 3909 584 3974 641
616 3900 744 3995 άγγελεῖ
768 3931 827 3996 pro
856 3902 1050 3996 ἀγγέλλεται,
1074 3933 1103 3974 v.
1127 3909 1188 3976 too
1212 3909 1241 3975 α’
1265 3909 1299 3975 ἐν

202 4020 413 4100 κριβανωτῶν
434 4041 493 4106 pro
515 4043 551 4084 σε
575 4045 636 4104 κρ.,
657 4043 686 4084 v.
708 4021 770 4085 999
789 4020 1027 4105 ντροςὲντεμιβεν
1049 4045 1108 4108 pro
1137 4020 1304 4105 νιροςακέ-

202 4137 348 4211 πεμψεν,
372 4151 400 4192 v.
423 4129 484 4191 517
507 4123 546 4213 δή
571 4129 698 4196 omittit.

302 4235 406 4298 Vides
441 4257 552 4300 eorum
582 4238 755 4321 vitiorum,
789 4259 870 4326 quae
895 4237 1015 4328 Veneti
1052 4247 1300 4324 oeterorumque

204 4342 354 4408 codicum
376 4346 559 4410 eommunia
583 4359 667 4429 sunt,
692 4348 823 4412 nonita
846 4372 999 4434 magnum
1023 4369 1093 4416 esse
1117 4371 1299 4433 numerum,
