3090 5138
813 467 833 532 2

382 650 426 718 G.
448 621 718 719 Hermannus
751 655 785 718 in
817 654 1020 742 praefatione
1050 653 1194 720 Nubium
1227 652 1377 719 editionis

276 783 308 847 p.
321 761 373 826 IX
385 761 548 826 Venetam
570 763 614 826 ita
633 762 666 828 in
687 763 853 850 plerisque
871 765 969 828 rebus
993 764 1142 830 omnibus
1161 787 1234 828 eum
1248 764 1374 830 Raven-

277 879 353 934 nate
366 869 559 934 “consentire
582 871 670 955 dicit,
692 881 815 936 utnon
835 871 985 938 videatur
1008 872 1148 938 dubitari
1173 893 1281 958 posse,
1297 871 1374 957 quin

278 1003 321 1045 ex
343 978 459 1044 eodem
489 980 584 1045 ambo
608 980 699 1072 iente
728 980 893 1046 fluxerint.
936 981 1033 1064 Quod
1061 1005 1139 1047 num
1160 981 1231 1047 iure
1254 981 1373 1046 dixerit

274 1091 372 1156 home
405 1090 614 1157 doctissimus
642 1091 834 1156 videbimus.
878 1090 1074 1158 Tenendum
1105 1114 1183 1158 vero
1208 1101 1257 1156 est
1285 1090 1374 1175 inde,

185 1270 189 1290 ί
276 1199 363 1284 quod
376 1201 548 1268 Ravennae
560 1211 592 1264 et
603 1201 751 1266 Venetus
763 1200 927 1265 interdum
939 1223 1052 1266 veram
1069 1201 1244 1266 lectionem
1259 1210 1373 1266 centra

162 1299 186 1333 ⁹
276 1331 389 1374 omncs
421 1309 501 1374 alios
536 1308 664 1374 codices
695 1317 843 1390 tuentur,
874 1308 1020 1373 nondum
1052 1309 1208 1396 consequi
1241 1332 1296 1374 eos
1330 1309 1371 1374 ad
1473 1296 1476 1302 ¹

277 1419 418 1484 cundem
442 1421 568 1484 fontem
601 1418 794 1483 referendos
825 1440 912 1504 esse3
934 1419 1088 1484 vitiorum
1108 1419 1238 1482 demum
1261 1419 1372 1504 singu·

273 1527 390 1594 larium
414 1527 597 1594 communie
623 1529 753 1614 signum
776 1517 1040 1594 erit¹cornmunis
1065 1527 1210 1614 originis.

373 1637 550 1705 Ordiamur
570 1639 609 1702 sb
621 1638 649 1704 Ε
663 1660 714 1723 qu
725 1637 735 1700 i
746 1637 832 1702 tibu
845 1661 869 1703 s.
890 1640 1059 1726 Perpauca
1073 1660 1175 1724 saque
1195 1637 1371 1702 admodum

149 1778 169 1826 „¹
269 1746 395 1812 ineerta
416 1747 595 1814 eommunis
617 1748 785 1836 utriusque
805 1748 927 1814 codicis
944 1747 1079 1832 originis
1094 1747 1233 1833 vestigia
1255 1747 1288 1812 in
1309 1749 1370 1812 huo

269 1855 379 1922 fabula
408 1855 565 1944 indagare
602 1857 702 1945 potui.
746 1858 830 1924 Nam
863 1857 950 1943 quod
973 1857 1145 1922 Ravennae
1171 1868 1203 1922 et
1223 1856 1372 1922 Venetus

269 1974 383 2031 contra
406 1987 518 2030 omncs
540 1967 620 2032 alios
641 1967 771 2032 codices
793 1989 824 2031 v.
838 1967 878 2032 89
901 1957 1024 2052 ἀληθὲς
1042 1989 1101 2053 pro
1119 1956 1252 2052 ἄληθες,
1266 1991 1296 2031 v.
1308 1967 1369 2032 213

268 2077 366 2152 ποεῖς
394 2069 471 2140 πόει
503 2094 563 2162 pro
591 2077 701 2153 ποιεῖς
737 2075 845 2158 ποίει,
874 2097 905 2140 ν.
930 2074 992 2140 ‘289
1020 2070 1078 2140 τὸν
1107 2078 1210 2140 νῶτον
1238 2097 1296 2160 pro
1331 2071 1369 2140 τὸ

267 2186 382 2269 νῶτον,
400 2207 431 2249 v.
455 2184 515 2249 749
536 2189 659 2270 ποκνῆι
689 2207 749 2273 pro
778 2185 892 2264 πυκνὶ,
923 2207 953 2249 v.
973 2184 1034 2249 996
1056 2185 1282 2268 Δωροδοκιστί
1309 2207 1369 2273 pro

267 2292 510 2379 Δωροδοκηστί,
531 2317 562 2358 v.
585 2294 664 2359 1388
685 2294 712 2360 δ’
738 2319 796 2382 pro
819 2296 845 2380 γ’
867 2293 1020 2382 scriptum
1045 2293 1212 2378 exhibent,
1235 2293 1312 2358 huic
1334 2295 1366 2360 in

264 2403 470 2468 creberrimis
493 2412 525 2468 et
540 2402 716 2468 lenissimis
739 2403 936 2491 corruptelis
953 2403 1125 2468 consensui
1137 2403 1171 2466 in
1186 2403 1246 2468 hae
1268 2425 1364 2488 quae-

198 2559 201 2568 ,
263 2513 366 2595 stione
394 2511 477 2576 nihil
508 2512 606 2576 tribui
640 2521 757 2600 potest.
800 2511 910 2578 Unum
941 2521 1065 2579 tentum
1088 2512 1197 2576 locum
1221 2513 1364 2601 repperi,

265 2621 319 2686 ubi
344 2621 447 2686 maius
469 2620 639 2686 discidium
657 2621 828 2686 intercedit
853 2621 938 2685 inter
954 2621 1176 2686 Ravennatem
1187 2621 1364 2686 Venetum-

264 2753 326 2818 que
342 2740 374 2796 et
390 2740 527 2796 eeteros.
551 2755 580 2795 v.
603 2731 664 2798 346
688 2730 774 2795 enim
797 2729 935 2818 uterque
957 2730 1063 2795 codex
1086 2731 1254 2819 exhibete

392 2831 460 2905 ἀλλ’
484 2831 574 2906 οἶσθ’
600 2834 709 2924 ὅπερ
740 2838 948 2905 πεπονθέναι
968 2865 1040 2924 μοι
1062 2839 1189 2918 δοκεῖς,·
1220 2835 1304 2922 ὅπερ
1325 2832 1364 2904 τὸ

1096 2947 1238 3034 πλῆθος,

266 3056 385 3122 ceteri:

292 3175 295 3187 '
395 3157 462 3231 ἀλλ’
498 3158 589 3233 οἶσθ’
628 3162 648 3232 ὅ
685 3193 707 3252 μ
720 3191 759 3234 οι
800 3165 1007 3233 πεπονθέναι
1043 3165 1170 3244 δοκεῖς,·
1209 3159 1292 3248 ὅπερ
1325 3157 1364 3228 τὰ

158 3358 161 3370 Δ
409 3259 410 3263 ¹
1094 3275 1236 3360 πλῆθος,

151 3407 157 3426 ·
264 3383 327 3449 nisi
362 3383 450 3468 qnod
470 3382 680 3449 Florentinus
714 3384 1022 3468 (Laurent31,15)
1058 3389 1087 3446 Γ
1116 3392 1148 3447 et
1175 3382 1246 3470 ipse
1279 3376 1362 3466 ὅπερ

268 3493 415 3580 praebet,
443 3517 501 3576 μοι
531 3513 608 3558 vero
642 3492 777 3576 emittit3
804 3515 900 3580 quem
932 3493 1079 3556 codicem
1110 3491 1279 3556 sciendum
1314 3501 1363 3555 est

264 3602 396 3666 omnino
432 3601 572 3666 maxima
598 3625 640 3667 ex
672 3611 764 3690 parte
790 3603 832 3667 eir
855 3603 1044 3669 Ravennatc
1069 3611 1101 3665 et
1122 3601 1253 3666 Veneto
1277 3623 1362 3664 com·

262 3710 401 3796 pilatum
432 3693 503 3778 esse
526 3713 561 3796 ¹).
604 3713 644 3777 In
666 3711 867 3778 Ravennatis
894 3733 973 3776 vero
1009 3720 1040 3775 et
1068 3710 1191 3775 Veneti
1224 3707 1363 3774 lectione

326 3945 331 3956 ¹
368 3972 393 4042 1)
412 3973 471 4026 Hoe
489 3973 530 4026 ita
548 3989 609 4026 esse
626 3988 683 4024 non
700 3975 758 4025 tem
778 3989 813 4026 ex
832 3971 871 4024 eis
892 3971 961 4024 loeis
978 3973 1103 4040 apparet,
1120 3969 1169 4024 ubi
1189 3975 1214 4023 Γ
1231 3986 1294 4023 eum
1312 3969 1362 4025 RV

260 4068 290 4121 in
308 4067 384 4123 vitiis
403 4070 552 4134 consentit,
571 4085 655 4138 quam
667 4087 701 4122 ex
714 4067 762 4133 eis,
783 4068 832 4122 ubi
849 4067 930 4121 unius
943 4067 1092 4122 lectionem
1110 4067 1225 4137 reecpit,
1246 4067 1361 4122 alterius

261 4167 404 4234 tamquam
422 4166 527 4220 variam
544 4167 694 4220 lectionem
719 4165 877 4236 adscripsit.
915 4165 960 4220 Sic
971 4165 1023 4234 Eq.
1037 4168 1089 4220 473
1108 4165 1141 4218 R.
1159 4168 1361 4237 προςιιέμιιων,

258 4259 292 4314 V.
311 4257 482 4332 προςπεσών,
501 4267 527 4314 Γ
543 4265 737 4334 προςπέμπων
755 4281 800 4333 γρ.
818 4263 989 4334 προςιιεσὼν,
1008 4279 1034 4316 v.
1045 4261 1141 4316 902R.
1160 4262 1307 4332 πανοῦργε,
1329 4261 1359 4314 V.

258 4357 372 4440 πόνηρε,
394 4365 419 4412 Γ
438 4361 576 4432 πανοῦργε
592 4379 637 4431 γρ.
657 4353 769 4431 πόνηρε,
787 4359 872 4430 Vesp.
893 4362 960 4414 1066
978 4359 1010 4413 R.
1031 4354 1135 4433 ῥώμην,
1154 4360 1187 4414 V.
1205 4353 1321 4432 γνώμην
1338 4364 1362 4412 Γ
