3090 5138
810 480 849 546 18

404 658 465 749 ἕνα)
489 663 516 728 δ’
538 659 745 750 ἐπριάμην
766 664 812 728 τὰ
833 664 1013 749 κορίανν’
1038 660 1312 749 ὑπεκδραμών

277 795 484 862 scribendum
505 819 575 862 esse
594 783 827 884 probaverunt.
859 799 949 880 Quas
972 797 1217 864 emendationes
1236 800 1262 862 si
1284 801 1371 865 inter

276 928 310 970 se
343 908 583 994 comparaveris
620 907 828 990 discriminis,
861 909 948 992 quod
980 909 1065 972 inter
1094 904 1313 993 ὑπεκδραμών
1342 923 1374 974 ct

275 1009 496 1100 ’ὑπερδραμών
520 1015 620 1079 verba
649 1015 827 1102 composita
850 1015 1037 1099 intercedit,
1061 1019 1149 1082 nulla
1167 1019 1291 1084 ratione
1316 1021 1374 1084 ba-

275 1124 353 1206 bila,
375 1147 442 1190 non
465 1125 588 1212 poteris
611 1125 643 1189 in
664 1125 801 1212 Reisigii
829 1125 1054 1190 emendatione
1082 1127 1270 1192 mutationis
1293 1129 1372 1192 leni-

208 1309 212 1318 1
260 1215 374 1298 ’κνίσω
410 1257 475 1298 non
503 1234 623 1316 mirari,
651 1234 798 1298 offendes
821 1234 957 1298 veroin
980 1237 1282 1322 proceleusmatico,
1306 1260 1370 1324 quo

274 1343 371 1408 home
400 1343 606 1408 doctissimus
640 1343 777 1406 alterurn
808 1343 924 1429 pedem
949 1343 1034 1407 effici
1058 1344 1170 1409 voluit.
1217 1346 1266 1408 Ae
1300 1346 1370 1410 iure

275 1451 422 1516 offendes
442 1452 464 1534 ¹)
482 1478 489 1535 3
510 1473 616 1538 neque
632 1451 719 1516 enim
734 1450 898 1536 Reisigius
912 1449 1072 1532 (Coniect.
1091 1476 1121 1539 p.
1138 1453 1276 1536 53-86)
1294 1455 1368 1518 data

277 1584 377 1649 opera
401 1561 627 1626 demonstrare
656 1561 782 1648 potuit,
810 1561 841 1624 in
865 1560 1074 1627 Comicorum
1097 1583 1291 1646 graecorum
1313 1563 1372 1628 tri-

275 1670 386 1736 metris
397 1669 721 1758 proceleusmaticum
735 1669 768 1733 in
780 1670 944 1758 anapaesti
954 1671 1063 1734 locum
1074 1671 1252 1735 succedere
1265 1695 1370 1758 posse.

273 1779 357 1846 Nam
381 1801 423 1844 ex
455 1779 626 1843 duodecim
652 1801 733 1862 quae
755 1802 786 1865 p.
808 1779 849 1843 86
872 1789 1003 1868 practer
1027 1780 1089 1844 hoe
1115 1791 1278 1864 tamquam
1301 1803 1369 1845 cer·

274 1889 397 1954 tissima
419 1888 528 1974 coegit
549 1887 708 1974 exemplis
730 1911 830 1952 arnum
847 1888 1018 1976 Eupolidis
1039 1912 1090 1975 ap.
1103 1888 1202 1953 Mein.
1220 1888 1311 1955 Com.
1323 1889 1367 1956 ll.

273 2022 304 2086 p.
321 2000 383 2065 564
395 1998 573 2063 certissime
587 1998 773 2062 emendavit
785 1997 955 2064 Hanovius
975 2001 1010 2077 'lt
1028 1998 1080 2062 καὶ
1093 1994 1231 2084 μουσικὴ
1247 1999 1368 2085 πρᾶγμ’

274 2107 343 2175 ἐστὶ
374 2103 464 2190 βαθύ
499 2133 530 2172 τι
564 2099 762 2193 κᾶγκύλον
785 2131 844 2194 pro
867 2107 930 2172 καὶ
959 2103 1197 2191 καμπύλον,
1230 2109 1367 2172 alterum

274 2217 395 2284 Eubuli
416 2240 467 2304 ap.
492 2217 588 2283 Mein.
611 2217 667 2284 III
691 2241 721 2304 p.
735 2217 796 2280 252
818 2217 881 2281 iam
904 2215 1062 2282 (lanterna
1085 2217 1268 2282 rectissime
1290 2217 1365 2282 seri·

271 2337 398 2415 pserat:
419 2321 601 2414 στεφάνους
618 2319 700 2403 ίσως
712 2321 895 2408 βούλεσθε·
919 2321 1054 2410 πότερ’
1078 2321 1290 2410 ἑρπυλλίνους
1308 2349 1366 2412 pro

271 2430 468 2520 πότερον,
494 2435 724 2524 Aristophanis
747 2455 826 2499 vero
842 2435 928 2500 Ach.
948 2437 987 2499 78
1011 2457 1083 2500 cunr
1097 2435 1249 2500 Morellio
1266 2436 1368 2520 Berg—

270 2545 325 2611 kio
348 2545 516 2610 Meinelrio
541 2545 747 2609 scribendum
770 2565 840 2609 esse
858 2554 952 2630 puto:
975 2539 1052 2622 σούς
1074 2545 1214 2611 πλεῖστα
1232 2544 1368 2628 δυναμέ-

269 2641 345 2732 νους
367 2635 514 2743 φαγεῖν
536 2669 572 2717 σε
596 2651 650 2716 καὶ
672 2656 761 2717 πιεῖν
784 2675 843 2738 pro
874 2656 1131 2741 καταφαγεῖν,
1163 2654 1238 2740 quia
1277 2654 1364 2738 quod

269 2761 443 2827 Elmsleius
467 2762 574 2850 voluit!
591 2756 747 2838 δυνατοὺς
767 2785 785 2823 a
808 2761 965 2826 sermonis
995 2761 1199 2848 simplicitate
1231 2763 1361 2848 longius

215 2855 220 2866 ⁸
268 2871 425 2938 recedere
450 2871 587 2956 videtur,
608 2871 650 2936 ib.
673 2895 703 2936 v.
723 2871 783 2934 437
808 2893 882 2934 eum
907 2871 1055 2934 l3entleio
1070 2870 1241 2936 Dinderlio
1264 2873 1365 2956 Berg-

269 2980 323 3046 kio
359 2979 541 3045 Meincki0:
573 2971 734 3066 Εὐριπίδη
771 2974 945 3066 ’πειδὴπερ
982 2978 1162 3064 ἐχαρίσω
1200 2980 1275 3046 ταδί
1306 3005 1366 3069 pro

269 3088 448 3174 ἐχαρίσω
473 3112 554 3173 μοι,
575 3089 653 3154 Ran.
679 3091 718 3153 '16
740 3112 810 3152 cum
836 3089 984 3153 Bentleio
1014 3089 1166 3154 Hanovio
1191 3091 1367 3156 Dindorfio

269 3198 415 3285 Bergkio
436 3198 600 3262 Meinelrio
625 3197 753 3262 Koekio
777 3190 834 3262 εἶτ’
858 3189 902 3262 οὗ
924 3197 1096 3285 Σοφοκλέα
1116 3194 1280 3284 πρότερον
1302 3189 1367 3264 ὅντ’

267 3299 448 3392 Εὖριπίδον
473 3330 530 3394 pro
554 3298 635 3387 ον’χί,
657 3307 810 3389 Lyaesu
830 3307 897 3372 sive
922 3331 994 3372 curn
1014 3309 1188 3374 Dindorfio
1211 3304 1256 3374 σύ
1277 3309 1305 3374 d’
1329 3301 1367 3374 sl

268 3412 449 3500 πότερον
482 3417 550 3482 sive
580 3439 653 3480 cum
677 3416 823 3502 Bergkio
846 3414 905 3492 τίς
928 3417 955 3480 d’
981 3408 1020 3481 si
1041 3412 1104 3496 σύ,·
1127 3412 1268 3500 πότερ’
1296 3419 1365 3484 sire

268 3550 340 3591 cum
363 3526 529 3592 Meinckio
554 3520 601 3592 ori
624 3522 665 3590 dd
689 3523 769 3602 τίς,·
792 3520 979 3608 πότερον
1001 3525 1144 3591 seribere
1169 3528 1279 3611 males,
1301 3550 1367 3592 non

269 3635 430 3701 dubitabis
463 3635 600 3721 Reisigii
635 3630 681 3700 ori
713 3634 739 3699 δ’
774 3626 812 3700 εἶ
843 3633 899 3712 σί,·
928 3629 1113 3720 πότερον
1145 3626 1369 3722 ὄίνθρωποςῆ

266 3741 438 3820 κονίσαλος
460 3741 606 3824 abicere,
638 3741 689 3806 cui
723 3741 844 3806 homini
871 3741 1058 3808 doctissimo
1091 3767 1157 3808 non
1186 3746 1366 3809 verendum

267 3863 318 3918 est
340 3875 381 3918 ne
403 3852 554 3918 iniuriam
578 3852 717 3934 inferas,
741 3851 767 3916 si
780 3851 911 3916 Tlresm.
927 3851 1007 3916 1203
1033 3875 1129 3936 quern
1147 3853 1234 3919 ultro
1258 3855 1369 3933 intulit

264 3960 311 4029 τὸ
334 3961 473 4027 articulo
496 3961 530 4027 in
554 3961 689 4025 exilium
712 3961 808 4026 misso
832 3983 906 4026 eum
934 3961 1113 4026 editoribus
1136 3962 1304 4048 scripseris
1325 3961 1365 4031 od

271 4153 467 4162 *aq—-

367 4277 394 4343 1)
414 4273 449 4329 ef.
468 4274 504 4328 de
522 4273 573 4329 hac
593 4274 754 4344 quaestione
773 4275 877 4344 Enger.
896 4273 1113 4343 praef.Lysistr.
1132 4292 1159 4349 p.
1171 4272 1222 4327 XV
1235 4290 1293 4344 sqq.

367 4375 395 4438 2)
416 4371 518 4428 Exere.
537 4373 600 4427 crit.
618 4372 648 4426 in
666 4389 736 4427 eom.
758 4390 800 4442 gr.
818 4390 846 4442 p.
859 4374 917 4426 160.
