3090 5138
716 464 756 535 15

189 655 249 720 dos
278 653 373 720 nobis
408 677 584 737 sumemus,
621 656 677 740 qui
698 655 760 720 ‘vel
793 653 1004 722 multitudine
1038 665 1070 720 ct
1097 655 1286 721 auctoritate

187 783 323 845 eorum,
351 762 405 850 qui
433 763 480 827 eis
510 763 676 828 constricti
710 764 854 847 fuerunt,
886 765 939 827 vel
966 786 1004 828 co
1028 785 1101 829 sese
1124 785 1286 829 commen-

188 872 276 954 dant,
300 870 388 957 quod
410 893 487 936 usus
501 871 732 959 Aristophanis
754 871 980 958 perscrutandi
1003 895 1095 938 ansas
1117 874 1286 960 praebent.

287 1005 342 1070 Ad
364 1005 504 1070 altorum
533 1028 639 1091 genus
666 1006 809 1092 pertinet
838 1005 978 1074 Koeki
988 1007 999 1070 i
1019 1007 1080 1092 uq.
1106 1007 1165 1072 177
1188 1030 1286 1093 quarn
1379 1001 1383 1008 ’

187 1123 281 1201 putat
301 1113 496 1180 emendatio.
538 1115 729 1200 chehotur
751 1117 813 1181 hoc
835 1117 929 1182 loco:

325 1245 423 1333 γίγνει
444 1242 513 1333 γὰρ,
542 1242 587 1325 ὥς
610 1243 628 1313 ὁ
650 1243 795 1334 χρησμὸς
817 1244 930 1315 οὑτοσί
952 1249 1045 1336 λέγει,

325 1349 406 1443 ἀνὴρ
427 1357 589 1443 μέγιστος.
612 1361 733 1423 ΑΛΛ.
755 1355 829 1424 είπὲ
839 1384 896 1442 μοι
918 1359 1069 1438 καὶπῶς
1093 1355 1154 1446 ἐγώ
1179 1358 1241 1428 dcl.

249 1487 438 1558 'Ravennas
470 1491 634 1579 inpriore
667 1513 763 1557 versu
794 1493 879 1557 inter
900 1488 959 1578 γὰρ
989 1488 1090 1572 etsie
1113 1493 1283 1582 interposi·

184 1611 253 1666 turn
274 1601 372 1666 habet
386 1590 490 1679 ὅντως
499 1628 510 1681 ,·
533 1625 596 1688 qua
609 1601 697 1666 varia
712 1601 852 1668 lectione
868 1613 999 1692 arrepta
1011 1602 1160 1669 Kockius
1186 1603 1283 1687 (Mus.

184 1711 289 1778 Rhen.
316 1711 366 1775 IX
388 1735 419 1799 p.
432 1711 509 1796 500)
534 1712 581 1776 sic
601 1710 809 1777 scribendum
832 1733 921 1778 esse:

326 1847 424 1932 γίγνει
443 1841 502 1932 γὰρ
525 1835 666 1930 devere,
687 1839 732 1925 ὥς
755 1841 773 1911 ὁ
797 1839 942 1933 χρησμός
964 1870 1034 1912 σοι
1055 1844 1139 1932 λέγει
1159 1846 1226 1913 κτλ.
1296 1873 1298 1881 ·

186 1981 263 2046 mihi
289 1979 419 2065 quidem
443 2003 508 2046 non
525 1981 694 2067 persuasit.
738 1980 822 2045 Nam
846 1980 934 2066 quod
955 1979 1052 2046 homo
1075 1979 1282 2046 doctissimus

183 2089 338 2178 postulat,
362 2100 398 2154 nt
413 2091 654 2156 Demosthenes
675 2089 873 2154 insiciarium
897 2089 931 2154 in
955 2111 1116 2154 summum
1140 2097 1281 2178 potesta·

183 2199 225 2264 tis
247 2199 415 2282 fastigium
444 2220 654 2264 escensurum
687 2219 756 2262 esse
782 2197 905 2262 maiore
928 2197 959 2261 vi
992 2207 1167 2281 asseveret,
1189 2205 1225 2262 ut
1248 2197 1281 2260 hi

183 2307 460 2394 theologi-magis
496 2317 528 2372 et
550 2307 676 2372 facilius
706 2306 800 2372 nobis
831 2305 999 2394 imponere
1035 2305 1094 2372 sibi
1117 2305 1281 2389 videntur,

184 2417 210 2481 si
234 2417 338 2502 digito
366 2425 583 2482 monstrantes
607 2415 716 2481 divina
731 2415 905 2481 bibliorum
920 2437 1086 2480 sacrorum
1101 2418 1202 2481 verba
1224 2440 1280 2482 an·

181 2535 339 2592 testentur
377 2548 472 2613 quam
508 2524 635 2612 quotvis
671 2524 873 2614 affirmativis
907 2524 1077 2611 particulis
1098 2525 1281 2609 cumulatis,

179 2635 224 2699 its
247 2634 488 2699 Demosthenes
510 2633 551 2698 ad
582 2633 849 2722 persuadendum.
875 2631 979 2720 aptius
1003 2631 1082 2697 dicit
1102 2632 1200 2718 γίγνει
1222 2629 1281 2718 γὰρ

180 2738 226 2822 ὡς
249 2738 267 2808 ὁ
290 2738 434 2829 χρησμὸς
456 2737 604 2809 οὑτοσί
626 2742 710 2828 λέγει
740 2765 835 2827 quam
858 2763 933 2806 cunr
949 2741 1080 2808 Koclrio
1102 2741 1198 2827 γίγνει
1221 2738 1281 2828 γὰρ

179 2842 309 2931 devea
334 2847 380 2930 ὥς
401 2847 419 2917 ὁ
441 2845 586 2938 χρησμός
608 2875 662 2917 σοι
683 2850 767 2936 λέγει
791 2849 858 2915 κτλ.
901 2849 945 2916 Et
963 2845 1076 2916 οὑτοσί
1099 2873 1281 2938 pronomen

180 2961 480 3044 demonstrativum,
508 2983 582 3025 cum
602 2959 844 3026 Demosthenes
867 2959 907 3024 ad
930 2959 1130 3025 insiciarium
1156 2959 1196 3026 de
1219 2961 1282 3026 hoe

178 3071 332 3138 vaticinio
361 3070 522 3138 nihildum
548 3070 679 3155 dixerit,
701 3071 919 3137 necessarium
944 3079 1003 3135 est.
1046 3069 1151 3138 Huius
1178 3070 1281 3156 igitur
1384 3119 1389 3128 .

177 3203 291 3248 versus
307 3181 439 3268 vulgata
451 3180 612 3267 scriptura
626 3181 704 3268 quin
717 3181 758 3246 ad
774 3180 879 3268 ipsum
892 3180 1147 3266 Aristophanem
1167 3179 1281 3248 redeat

179 3299 356 3371 auctorem,
387 3287 528 3354 dubitari
551 3288 673 3374 nequit.
718 3287 785 3358 Sed
811 3289 898 3377 quod
925 3289 958 3353 in
981 3289 1123 3377 priorem
1147 3311 1279 3355 versum
1354 3337 1356 3354 .
1427 3293 1430 3300 ’

178 3421 244 3464 non
265 3396 405 3486 'quadrat
428 3386 532 3475 ίίνιως
545 3397 742 3462 vocabulum
757 3399 893 3464 fortasse
905 3398 938 3462 in
953 3397 1055 3462 altero
1069 3421 1162 3464 suurn
1173 3399 1279 3464 locum

178 3506 334 3573 inveniet.
379 3506 466 3587 Quid
490 3507 595 3592 enim,
619 3506 645 3572 si
668 3506 877 3573 scribendum
908 3528 979 3573 esse
1003 3506 1118 3572 dixero
1141 3497 1280 3586 ὅντως

176 3615 353 3703 μέγιστοςί
386 3615 435 3681 At
466 3607 546 3703 ἀνήρ
577 3617 771 3694 vocabulum
805 3617 891 3703 apud
924 3616 1179 3704 Aristophanem
1211 3626 1279 3682 tam

178 3747 276 3813 saepe
303 3725 393 3810 quasi
416 3725 558 3790 fulcrum
589 3723 750 3791 adiectivo
781 3725 927 3790 additum
956 3735 1016 3810 cst,
1037 3735 1073 3790 ut
1095 3725 1192 3791 etiam
1215 3725 1278 3791 hoc

177 3835 250 3900 loeo
273 3857 291 3899 a
314 3845 411 3922 poeta
443 3833 552 3921 potius
585 3857 679 3922 quam
702 3859 720 3899 a
742 3835 876 3900 librario
909 3833 1071 3899 adiectum
1105 3855 1177 3901 esse
1209 3857 1276 3901 non

177 3945 280 4032 possit
311 3969 377 4010 non
410 3944 525 4010 videri.
570 3944 625 4013 Sic
656 3944 741 4010 infra
765 3970 795 4011 v.
815 3946 875 4010 765
905 3944 1073 4028 βίλγιστος
1094 3939 1173 4032 ἀνὴρ
1198 3947 1277 4031 περὶ

175 4048 234 4118 τὸν
255 4054 367 4140 δῆμον,
391 4075 421 4118 v.
443 4053 504 4117 873
535 4051 633 4136 κρίνω
658 4053 687 4119 σ’
719 4035 807 4119 ὅσιόν
836 4041 940 4141 ἐγῷδα
971 4054 1049 4137 περί
1083 4049 1141 4119 τὸν
1172 4055 1276 4142 δῆμον

176 4149 263 4246 de‘rdp’
286 4151 419 4244 deseror
431 4207 441 4239 ,
463 4184 494 4227 v.
517 4160 597 4225 1208
616 4151 696 4246 ἀνὴρ
718 4151 860 4243 ἀμείνων
891 4161 969 4245 περί
1000 4160 1037 4227 σὲ
1068 4161 1122 4226 καί
1142 4157 1200 4227 τὸν
1219 4185 1276 4248 γα-

176 4269 285 4356 στέρα,
307 4269 475 4334 Pluteos
507 4265 552 4349 ὥς
576 4267 631 4337 ἐὰν
651 4269 724 4357 γίνῃ
748 4261 827 4357 ἀνὴρ
849 4265 1029 4355 πρόθυμος
1051 4262 1149 4349 αὐτὸς
1166 4267 1214 4350 είς
1233 4267 1271 4338 τί
