3090 5138
784 408 827 474 34

258 595 358 662 tiores
392 616 514 684 poenas
546 595 652 662 dant.¹‘
688 595 813 662 Eodem
844 595 1003 684 temporis
1034 603 1197 662 momento
1228 594 1357 681 accidit,
1436 649 1439 654 .

258 714 295 768 nt
325 703 384 768 ille
420 706 625 793 omnipotens
664 705 697 770 in
731 706 835 772 lutum
869 704 1076 792 ingrediatur
1108 717 1141 770 et
1174 703 1356 770 exclamet:

259 812 327 894 „At
359 812 413 876 hic
445 813 525 878 mihi
559 813 692 880 vadenti
722 813 810 878 lutus
845 835 917 878 esne
953 812 1114 878 videtur.“
1148 811 1215 881 Sed
1246 812 1356 876 animo
1387 851 1390 858 ·

259 930 412 1008 correpto
434 921 545 1008 pergit
580 906 621 986 de
655 931 849 1008 tempestate
878 922 980 987 fusius
1005 944 1125 1008 agens:
1150 971 1166 1004 „
1189 920 1261 986 Neo
1283 919 1357 984 fieri

258 1040 378 1116 potest,
400 1030 478 1118 quin
500 1031 597 1096 etiarn
619 1031 672 1108 ‚his
695 1031 857 1117 proximis
880 1029 996 1096 diebus
1020 1031 1126 1118 pluat;
1149 1029 1242 1116 fungi
1265 1040 1358 1096 certe

259 1139 463 1206 incrementa
485 1150 617 1206 sumunt
639 1140 718 1205 ete.“

358 1273 428 1338 Iain
452 1271 515 1360 ipsi
540 1273 737 1360 optimorum
761 1273 910 1338 codicum
933 1295 995 1359 ope
1018 1271 1214 1336 emendandi
1230 1273 1357 1360 pericn—

259 1383 325 1446 lum
348 1382 537 1448 subibimns.
556 1381 701 1446 Primum
718 1381 786 1465 Eq.
801 1381 862 1445 388
885 1381 918 1445 in
942 1381 1098 1446 iudicium
1115 1403 1284 1464 vocemus3
1300 1381 1357 1445 ubi

259 1491 293 1558 in
316 1491 465 1556 omnibus
495 1490 568 1555 aliis
600 1490 767 1556 codicibus
803 1491 926 1576 legitur
956 1489 1057 1576 μηδὲν
1083 1482 1226 1576 ὀλίγον
1254 1490 1357 1573 ποίει,

258 1623 342 1665 unus
361 1600 533 1666 Ravennae
557 1600 690 1664 exhibet
711 1599 811 1686 μηδὲν
834 1597 1013 1665 ἔλαττον
1033 1599 1134 1666 ποίει.
1156 1600 1253 1665 Illam
1277 1601 1358 1665 scri-

259 1719 387 1798 pturam
424 1731 537 1774 omnes
572 1721 784 1797 receperunt3
819 1733 890 1775 nam
925 1710 1139 1794 DindorfiuS,
1171 1710 1225 1794 qui
1248 1709 1358 1796 ,μηδὲν

260 1814 452 1904 ἐλαφρὰν
472 1816 562 1882 ποίει
585 1818 794 1883 scribendum
816 1839 887 1882 esse
908 1818 1105 1900 coniecerat,
1124 1817 1158 1882 in
1174 1816 1357 1884 Oxoniensi

260 1925 405 1991 editione
427 1935 611 1990 ceterorum
625 1927 812 2014 exemplum
836 1937 965 1992 secutus
982 1937 1039 1992 est.
1065 1926 1113 1991 At
1133 1938 1358 2014 parumsrecte

259 2035 294 2100 hi
319 2056 432 2100 omnes
465 2034 573 2119 egisse
604 2035 769 2100 videntur.
813 2036 1002 2122 Berglerus-
1027 2035 1160 2120 quidem
1196 2036 1359 2102 adtulerat

259 2144 464 2229 Thucydidis
499 2144 588 2208 locos
623 2144 677 2230 qni
710 2144 906 2209 videbantur
938 2144 1061 2211 similes
1093 2145 1170 2210 hos:
1201 2145 1274 2228 8‚15
1304 2145 1359 2212 καί

259 2245 368 2338 ὀλίγον
391 2247 576 2336 ἐπράσσετο
605 2245 715 2332 οόδίν,
739 2253 788 2332 2,8
812 2245 921 2338 ὀλίγον
941 2277 977 2318 τε
999 2248 1157 2319 ἐπενόουν
1181 2244 1275 2319 οόὀὲν
1294 2245 1357 2338 ὀμ-

258 2357 406 2450 φότεροι,
429 2361 471 2426 cf.
490 2363 572 2444 ipe,
597 2362 640 2426 ib.
654 2363 693 2427 87
720 2354 829 2447 ὀλίγον
850 2353 945 2427 oridia
964 2357 1273 2449 κακοπαθήσαντεςς
1297 2363 1356 2429 sed

260 2471 418 2536 differunt
448 2471 482 2534 hi
513 2471 577 2536 loci
601 2473 641 2548 ab
668 2471 911 2558 Aristophanis,
936 2471 1023 2556 quod
1057 2472 1106 2536 his
1140 2473 1216 2536 locis
1246 2471 1357 2537 litotes

259 2581 471 2666 agnoscenda
494 2589 553 2662 est,
575 2603 638 2666 qua
662 2579 816 2644 orationis
838 2579 888 2642 vis
915 2603 1010 2666 quam
1035 2580 1180 2656 maxime,
1207 2591 1358 2664 augetur,

259 2683 427 2772 hocloco,
453 2689 581 2775 dequo
606 2689 726 2772 agitur,
752 2689 886 2774 agnosci
909 2709 974 2751 non
1003 2697 1119 2775 potest.
1166 2688 1233 2754 Sed
1254 2691 1357 2754 multo

258 2798 357 2862 etiam
379 2797 533 2862 maiorem
564 2797 799 2862 dubitationem
822 2796 893 2884 ipsa
915 2797 971 2861 illa
993 2797 1125 2883 optimi,
1148 2808 1184 2862 ut
1205 2798 1357 2881 vidimus,

259 2907 293 2972 in
316 2907 378 2972 hae
401 2907 512 2972 fabula
540 2886 662 2972 codicis
685 2907 882 2973 Ravennatis
904 2906 993 2970 varia
1013 2906 1109 2972 lectio
1133 2917 1252 2990 movet,
1275 2929 1357 2994 quae

258 3015 430 3104 interpreti
463 3015 626 3102 quomodo
649 3016 763 3081 deberi
790 3016 966 3082 Dindorfio
992 3015 1095 3080 videri
1118 3015 1270 3102 potuerit,
1294 3037 1357 3102 ego

193 3173 196 3180 ‚
259 3147 324 3188 non
345 3125 516 3211 adsequor.
545 3125 631 3190 Nam
652 3147 847 3210 quemqnam
872 3146 953 3209 qnae
976 3148 1063 3190 nunc
1084 3125 1238 3209 leguntur
1258 3124 1358 3211 μηδὲν

259 3229 394 3298 ἔλαττον
416 3231 508 3298 ποίει
533 3255 592 3320 por
625 3254 659 3296 se
693 3233 772 3298 ferri
805 3243 981 3316 nequeunt,
1016 3242 1124 3297 tamen
1154 3254 1192 3297 ea
1224 3233 1356 3324 omnino

259 3341 341 3408 falsa
363 3352 525 3408 easetnm
539 3341 672 3406 demum
697 3341 776 3406 mihi
798 3341 1011 3429 persuaseris,
1033 3343 1058 3405 si
1082 3341 1357 3406 demonstraveris

257 3450 344 3514 inter
375 3447 475 3536 μηδὲν
507 3459 540 3514 et
574 3445 709 3514 ἔλαττον
745 3449 827 3515 nihil
858 3449 1056 3515 intercidere
1089 3449 1252 3536 potuisse,
1292 3473 1356 3534 qno

258 3559 408 3624 restituto
433 3569 465 3624 et
492 3559 587 3623 metri
612 3569 644 3623 et
671 3559 856 3624 sententiae
877 3558 1059 3644 integritati
1083 3559 1266 3625 satisfieret.
1310 3559 1357 3625 At

259 3690 325 3733 non
346 3667 451 3732 solum
477 3667 539 3731 hoo
569 3690 635 3732 non
659 3667 781 3754 poteris
806 3667 1041 3751 demonstrare,
1062 3689 1176 3732 verum
1198 3668 1295 3731 etiam
1323 3667 1358 3733 in

259 3777 319 3841 hac
343 3774 546 3863 antistropha
568 3776 725 3840 nonnulla
746 3775 845 3840 verba
868 3775 1072 3840 intercidisse
1096 3775 1284 3840 iamdudum
1309 3776 1356 3841 in·

259 3886 426 3950 tellectum
450 3895 507 3949 est.
539 3883 743 3949 Erraverunt
766 3905 845 3950 vero
872 3883 926 3967 qui
950 3895 1025 3970 post
1044 3884 1171 3972 φαῦλον
1193 3869 1248 3949 aid'
1275 3885 1357 3950 duos

260 3994 399 4060 creticos
423 3992 630 4057 intercidisse
647 4003 860 4080 putaverunt3
883 3993 932 4058 his
955 3993 1041 4058 enim
1057 3993 1228 4058 verbisne
1250 4004 1359 4082 potest

261 4103 392 4188 quidem
432 4102 604 4187 quicquam
645 4101 730 4168 addi.
788 4101 877 4184 Quid
913 4102 1015 4187 igitur
1046 4102 1248 4188 probabilius
1285 4123 1358 4167 esse

261 4222 368 4300 potest
393 4234 490 4298 qnam
518 4212 607 4276 illam
643 4212 790 4276 lacunam
813 4211 899 4276 inter
921 4211 1021 4296 μηδὲν
1043 4221 1077 4276 et
1099 4207 1234 4284 ἔλαττον
1259 4232 1359 4296 quae-
