3090 5138
706 456 747 530 33

179 647 336 712 memoria
358 667 424 712 non
448 656 618 733 tenerent,
650 646 762 712 dicunt
785 642 915 732 ἡμερῶν
936 641 1101 733 τεττάρων
1122 642 1160 714 τὸ
1183 646 1279 714 acici·

180 777 259 823 στον
274 757 301 822 i.
324 775 351 821 c.
384 755 619 848 iamiquartum
649 755 737 822 hunc
760 755 857 820 diem.
883 755 1046 838 „Maxime
1068 777 1203 822 necesse
1227 767 1276 822 est
1371 755 1375 778 ¹

180 865 288 930 Deum
310 863 428 930 fecisse
449 861 593 952 pluviam
626 864 691 928 iam
717 873 868 949 quartum
895 866 982 944 hunc
1008 865 1113 948 diem,
1135 863 1278 932 scilicet:

180 984 305 1040 tantum
336 995 399 1060 ogo
421 971 517 1038 video
537 974 597 1038 luti
628 982 660 1038 et
683 975 793 1038 calco“
818 975 859 1038 cf.
882 975 946 1039 490
967 970 1156 1062 πεντήκοντ’
1183 973 1276 1054 ἐτῶν,

178 1083 258 1169 Lys.
282 1083 345 1146 280
367 1077 406 1164 ἓξ
424 1081 506 1147 ἐτῶν
523 1072 689 1160 ὅλουτος.“
717 1083 754 1151 Si
778 1105 873 1148 senes
897 1079 960 1150 hoc
982 1073 1147 1168 dicerent,
1169 1085 1279 1149 absur-

180 1193 314 1258 dissime
336 1191 424 1276 quod
445 1193 530 1257 scire
551 1192 672 1257 debent
686 1193 892 1278 conligerent
908 1215 950 1256 ex
968 1193 1026 1257 luti
1051 1193 1223 1257 altitudine
1238 1231 1278 1238 —

179 1301 303 1388 pluisse
329 1321 390 1388 per
413 1322 532 1387 paucos
563 1299 633 1364 dies
654 1299 833 1384 proximos.
876 1299 949 1366 Nec
972 1301 1076 1384 magis
1099 1301 1177 1376 mihi
1200 1323 1280 1388 pro·
1367 1391 1370 1398 Ι

97 1421 101 1428 “
177 1411 309 1492 bantur,
335 1430 417 1495 quae
439 1407 558 1474 deinde
581 1408 678 1472 homo
702 1408 908 1492 doctissimus
932 1410 1028 1474 dicit:
1053 1411 1143 1492 ,Iam
1169 1410 1279 1494 sequi-

181 1529 235 1586 tur
256 1519 361 1591 altera
386 1518 717 1584 senum'observatio:
741 1517 857 1602 Neque
872 1519 1010 1586 cessabit
1031 1520 1157 1606 pluere,
1180 1541 1279 1608 quum

180 1629 302 1713 fungos
324 1627 357 1690 in
380 1625 521 1691 lucernis
543 1625 721 1692 increvisse
744 1626 883 1692 videam.
923 1628 1039 1714 Itaque
1062 1649 1105 1692 ex
1130 1629 1190 1693 hac
1208 1649 1280 1693 mea

184 1735 404 1826 explicatione
427 1757 523 1802 senes
539 1735 627 1801 -duas
649 1757 701 1800 res
724 1747 903 1824 exponunt,
925 1731 983 1800 τὸν
995 1731 1163 1820 βόρβορον
1175 1736 1279 1802 lutum

180 1857 214 1912 ct
234 1843 312 1925 τοίς
332 1841 475 1932 μύκητας
498 1848 638 1931 fungos3
660 1856 832 1933 utramque
854 1846 1067 1911 coniectando
1090 1857 1122 1910 et
1142 1847 1280 1911 senilem

180 1956 215 2020 in
235 1955 368 2020 modum
393 1954 584 2020 disserendo
618 1954 798 2040 pluribus.“
837 1953 911 2038 Ego
942 1953 1075 2040 quidem
1097 1955 1178 2020 mihi
1204 1977 1281 2043 pcr-

182 2063 321 2130 suadere
356 2085 423 2128 non
458 2085 603 2150 possum,
629 2061 901 2142 observationem,
930 2084 1013 2145 quae
1049 2063 1180 2128 omnino
1213 2087 1279 2128 non

183 2175 271 2240 iacta
294 2175 351 2256 ent,
379 2184 541 2256 tamquam
567 2175 652 2238 facta
674 2173 715 2236 sit
737 2173 937 2256 aigun-onais
970 2195 1065 2258 posse
1087 2171 1279 2239 confirmari.

181 2281 251 2348 Sed
276 2283 330 2368 qui
348 2281 531 2346 aRichtero
545 2303 611 2346 non
634 2283 794 2345 refutatus
818 2291 866 2345 est
881 2279 1089 2346 Hermanno·
1102 2293 1211 2348 tamen
1233 2306 1280 2348 er·

182 2391 276 2456 ravit.
321 2388 367 2456 Ut
389 2389 475 2454 enim
498 2389 638 2476 primum
656 2389 730 2454 tolis
761 2411 835 2453 eum
857 2389 1032 2475 adgrediar
1053 2391 1099 2454 eis
1120 2392 1280 2458 similibus

181 2499 299 2588 quibus
323 2501 392 2588 ipse
416 2499 581 2584 vulgatam
604 2498 816 2584 impugnavit,
839 2499 1000 2583 quomodo
1031 2500 1162 2565 tandem
1185 2519 1281 2567 senes

180 2611 269 2694 inde,
283 2609 372 2698 quod
390 2610 496 2674 solum
511 2607 627 2673 durum
651 2617 747 2692 atque
761 2607 940 2672 arefactum
956 2608 1080 2690 vident,
1101 2619 1166 2674 tam
1182 2611 1279 2676 facile

182 2719 379 2786 concludere
411 2729 558 2805 possunt,
590 2717 675 2782 intra
709 2721 862 2802 quattuor
891 2721 961 2784 dics
996 2722 1067 2786 fore
1096 2713 1279 2808 ut'pluat‘l

180 2833 312 2900 Deinde
333 2854 412 2898 vero
434 2832 532 2896 homo
556 2831 760 2895 doctissimus
781 2831 814 2895 id
839 2831 970 2914 quidem
992 2840 1082 2896 recte
1105 2829 1281 2915 intellexit,

181 2941 385 3007 enuntiatum
405 2940 493 3024 quod
513 2949 563 3004 est
579 2930 659 3005 aazia
682 2936 758 3005 ἔσθ’
782 2934 876 3017 ὅπως
891 2931 951 3020 οὐχ
971 2935 1101 3026 ἡμερῶν
1118 2934 1282 3024 τεττάρων

180 3045 219 3117 cd
233 3051 392 3116 πλεῖστον
412 3044 501 3132 ὕδωρ
515 3039 696 3133 ἀναγκαίως
716 3045 783 3128 ἔχει
805 3043 863 3113 τὸν
878 3043 1111 3135 θεὸνποιῆσαι
1134 3048 1176 3113 ad
1197 3051 1281 3113 futu·

181 3185 254 3228 rum
276 3171 406 3247 tempus
429 3158 640 3224 referendum
674 3179 757 3240 esse,
789 3179 871 3241 qnae
894 3166 1002 3222 autem
1033 3158 1115 3223 ratio
1140 3158 1280 3224 interce·

180 3271 274 3337 deret
305 3267 390 3334 iuter
420 3269 483 3333 hoc
517 3268 717 3333 enuntiatum
752 3277 783 3330 et
815 3266 848 3330 id
887 3267 973 3350 quod
1006 3267 1172 3331 antecedit
1206 3285 1281 3332 eum

183 3390 358 3470 propterca
378 3377 475 3464 fugit,
490 3377 588 3463 ,quod
609 3400 674 3442 uon
692 3377 769 3440 satis
791 3375 980 3439 attendebat
1000 3375 1040 3440 ad
1052 3369 1132 3440 κούκ
1148 3375 1192 3461 (v.
1204 3375 1282 3461 260)

182 3499 215 3555 et
237 3491 314 3574 γοῦν
338 3488 383 3572 (v.
400 3487 477 3572 262)
500 3487 642 3551 voculas.
685 3486 734 3554 Ut
758 3485 842 3550 enim
880 3485 963 3550 haec
988 3485 1148 3571 particula
1181 3486 1287 3573 signi»

183 3601 270 3682 ficat,
295 3619 326 3663 v.
349 3596 413 3662 262
444 3618 570 3660 causam
604 3595 781 3678 continere,
804 3617 862 3658 cur
884 3615 977 3658 senec
1002 3604 1118 3682 putent
1146 3595 1216 3660 fore
1247 3606 1283 3660 ut

183 3708 284 3795 pluat,
305 3707 351 3770 ita
372 3727 402 3769 v.
424 3703 487 3768 260
508 3703 562 3768 καὶ
583 3704 690 3786 docet,
715 3703 749 3766 id
782 3702 869 3786 quod
899 3702 948 3766 his
974 3703 1100 3768 duobus
1133 3704 1282 3769 versibus

183 3819 406 3902 contineatur,
428 3815 552 3903 aliquid
576 3817 652 3880 novi
666 3825 712 3879 -et
735 3815 775 3878 ab
798 3836 836 3878 eo
860 3815 946 3899 quod
971 3815 1135 3879 antecedit
1160 3815 1281 3880 diversi

183 3925 325 3993 adferre.
375 3927 491 3992 Totius
523 3925 625 4011 igitur
657 3924 722 3989 loci
757 3923 838 3988 ratio
872 3923 954 3986 haec
987 3932 1045 3988 est.
1090 3924 1178 3988 Puer
1210 3945 1281 3990 sese

183 4037 301 4102 iterum
324 4047 389 4101 tam
415 4037 560 4121 graviter
594 4033 743 4122 punitum
778 4033 912 4098 chorum
948 4031 1088 4096 lucernis
1112 4034 1282 4099 exstinctis

183 4149 217 4213 in
241 4147 386 4213 tenebris
410 4153 442 4210 et
456 4147 525 4210 luto
540 4143 731 4209 relicturum
757 4164 827 4206 esse
842 4142 998 4223 minatur3
1022 4139 1197 4225 cuisenex,
1221 4165 1283 4229 qna

183 4258 231 4324 sui
261 4255 382 4322 fiducia
407 4253 532 4318 iudices
566 4254 663 4318 etiam
685 4251 928 4339 potentissimos
953 4250 1101 4314 homines
1128 4251 1280 4316 condem·

183 4389 261 4432 nare
283 4363 429 4430 consueti
452 4384 522 4428 esse
546 4364 673 4428 solent:
698 4361 819 4446 ,Mihi“
844 4359 950 4447 inquit
973 4346 1026 4444 ,te
1048 4361 1145 4425 etiam
1167 4371 1281 4448 poten·
1321 4376 1324 4382 ·

1065 4473 1082 4524 2
