3090 5138
740 484 779 548 17

203 693 286 734 rum.
337 671 414 736 Duo
437 691 570 734 monere
593 669 694 752 libet,
728 669 844 754 quibus
865 670 927 735 boc
950 669 1127 735 discrimen
1149 670 1302 736 inlustre-

202 787 272 863 tur;
294 801 406 861 unum,
430 801 466 842 τε
489 816 528 823 -
544 776 855 864 xei·partieularum
877 777 1116 843 coniunctionis
1137 780 1171 843 in
1191 780 1302 846 trime·

204 886 262 950 tris
286 883 434 949 iambicis
457 883 634 948 admodum
653 907 762 949 rarum
783 905 855 948 esse
877 907 980 966 usum,
1004 885 1037 948 in
1051 885 1169 951 ceteris
1190 888 1302 952 metris

205 995 440 1058 creberrimum
456 993 480 1074 ¹)
491 1043 500 1076 ,
534 994 672 1057 alterum
706 993 739 1057 in
783 992 1049 1058 similitudinibus
1083 995 1116 1058 in
1148 995 1303 1061 trimetris

202 1125 362 1188 nusquam
395 1097 440 1180 τίς
461 1125 521 1189 pre
553 1096 667 1184 ὥσπερ
702 1101 823 1166 dictum
856 1103 910 1166 vel
941 1127 990 1181 τις
1024 1099 1191 1168 adiectum
1222 1127 1304 1188 osse,

202 1222 315 1276 eontra
338 1212 442 1298 Vesp.
465 1211 527 1278 694
550 1211 583 1276 in
607 1221 797 1276 tetrametro
819 1212 1024 1298 anapaestico
1049 1211 1117 1297 legi
1140 1209 1304 1279 ἐσπουδά-

203 1344 301 1385 κατον
324 1307 403 1408 κᾷθ’
430 1315 474 1398 τίς
504 1319 640 1404 πρίονθ’
665 1315 683 1385 ὁ
705 1318 766 1403 μὲν
787 1317 872 1385 ἕλκει
900 1315 966 1385 ὁδ’
997 1312 1233 1402 ἅντενὲδωκεν,
1258 1324 1302 1389 ib.

200 1453 230 1493 v.
254 1431 335 1494 1490
367 1430 401 1494 in
433 1429 641 1516 anapaestico
665 1428 803 1493 dimetro
837 1423 976 1514 πτήσσει
1001 1425 1161 1515 Φρύνιχος
1184 1425 1230 1509 τίς
1253 1456 1303 1510 τις

200 1533 359 1624 ἀλέκτωρ,
383 1562 426 1605 ex
449 1540 564 1628 quibus
588 1539 670 1605 locis
691 1539 783 1603 illum
800 1538 977 1622 aReisigio
998 1537 1161 1622 (Oenieet.
1178 1564 1210 1627 p.
1225 1539 1301 1624 313)

199 1645 333 1734 χιῖίσπερ
366 1649 540 1715 scribendo
568 1647 774 1714 emendatum
809 1668 881 1712 esse
913 1646 1008 1712 etiam
1037 1669 1101 1732 ege
1133 1648 1211 1713 etim
1233 1648 1301 1736 epi·

201 1770 398 1840 natussum,
420 1759 523 1823 altero
557 1759 629 1822 lece
658 1757 730 1843 ipse
753 1750 866 1840 ὥσπερ
895 1756 1102 1820 scribendum
1133 1757 1302 1844 proposui,

201 1890 338 1956 querum
360 1877 470 1931 tamen
494 1877 646 1932 neutrum
668 1876 758 1931 recte
781 1865 852 1930 fieri
875 1859 1022 1949 dedeceat
1054 1865 1227 1954 φροντίδες
1250 1889 1301 1931 ma

201 1977 413 2042 edocuerunt.
439 1975 532 2056 Quae
553 1999 626 2040 cum
651 1975 696 2039 ita
719 1975 793 2055 sint,
817 1996 858 2038 ne
878 2000 936 2059 μοι
959 1972 1090 2060 quidem
1105 1978 1305 2062 pronomine

202 2107 316 2152 carere
337 2102 524 2172 possumus3
547 2105 610 2171 que
639 2104 721 2170 quae
749 2083 825 2148 satis
855 2083 919 2146 iam
942 2083 1131 2148 defenditur
1154 2085 1207 2151 καί
1229 2111 1299 2174 par·

201 2196 298 2262 ticula
320 2196 417 2260 etiam
441 2217 479 2259 eo
503 2216 575 2259 sese
599 2193 816 2274 commendat,
838 2194 923 2280 quod
945 2193 1046 2280 ipsius
1065 2217 1138 2258 cum
1160 2195 1301 2262 interre-

115 2369 120 2384 ,
199 2307 311 2390 gativo
336 2304 520 2370 coniunctio
551 2303 696 2368 mirantis
725 2311 758 2366 et
787 2302 948 2368 inereduli
973 2301 1063 2387 quasi
1093 2303 1225 2390 propria
1250 2316 1299 2370 est

203 2416 246 2480 cf.
259 2414 345 2480 Aah.
357 2413 398 2478 86
417 2412 471 2477 καὶ
493 2411 543 2490 τίς
564 2404 632 2477 aida
654 2407 794 2476 πώποτε
814 2414 895 2493 βοῦς
915 2409 1117 2495 κριβανίτας,·
1139 2415 1205 2476 τῶν
1225 2404 1303 2478 τίλα-

160 2589 166 2596 ,
199 2517 413 2606 ζονεαμάτων,
438 2521 569 2606 Eq.128
591 2521 644 2586 καί
665 2524 757 2600 πιῦς,·
779 2521 845 2585 vid.
864 2521 977 2587 Matth.
991 2521 1050 2589 Gr.
1073 2545 1125 2607 gr.
1149 2523 1243 2604 §620
1266 2525 1297 2593 d.

200 2631 277 2698 Non
301 2653 431 2719 possum
468 2631 568 2716 igitur
601 2630 679 2718 quin
703 2620 806 2708 ίίντως
837 2631 1017 2713 vocabulo,
1043 2654 1146 2720 quaa
1170 2633 1299 2700 Kockio

201 2742 265 2804 iam
288 2739 443 2804 denatum
468 2749 548 2822 erat,
571 2739 733 2804 civitatem
756 2738 951 2804 abiudicem.
975 2777 1014 2785 -

301 2849 406 2914 Etiam
431 2848 610 2935 largiorem
629 2847 824 2936 ·‹lisputandi
848 2849 1014 2913 materiam
1037 2851 1209 2938 praebebit
1237 2853 1299 2939 Eq.

202 2960 274 3026 676.
317 2956 524 3044 Legebatur:

324 3079 386 3168 ἐγώ
409 3078 506 3148 δὲτὰ
527 3081 667 3166 κορίανν’
694 3077 857 3168 ἐπριάμην
877 3078 1088 3170 ὖποδραμών,

196 3211 230 3275 in
252 3209 444 3292 Rauennate
465 3230 545 3272 vero
574 3230 647 3272 cum
671 3202 946 3292 dnardqapoia
970 3210 1132 3296 legerent,
1155 3213 1297 3300 primum

196 3317 414 3404 Reisigius
437 3317 607 3383 Hanorio:

323 3438 385 3529 ἐγώ
408 3439 505 3508 δὲτὰ
528 3443 668 3528 κορίανν’
692 3441 853 3532 ἐπριάμην
870 3441 1122 3533 ὑπερδραμών,

197 3568 317 3634 deinde
338 3567 363 3631 F
371 3568 606 3634 ritasebius
621 3568 648 3654 2)
671 3570 800 3636 Kockio
824 3583 856 3636 et
879 3572 1067 3638 Meinekio:

201 3721 395 3730 --—-—---

297 3808 323 3872 1)
343 3804 412 3858 Rau.
434 3807 501 3859 1397
524 3805 742 3875 Aristophanem
770 3804 827 3860 arr
846 3807 939 3878 ἕτερον
965 3800 999 3861 αὖ
1017 3803 1082 3876 ζήτει
1101 3830 1124 3862 τι
1144 3811 1199 3864 τῶν
1216 3817 1299 3881 βαρυ-

196 3893 332 3972 στάθμων
349 3895 399 3965 dm
419 3915 461 3954 σοι
482 3904 615 3968 καθέλξει,
647 3898 779 3974 καρτερόν
796 3923 825 3956 τι
856 3908 900 3956 καὶ
918 3908 993 3974 μέγα
1012 3905 1156 3974 scripsisse
1175 3907 1300 3975 suspicer

196 4013 248 4064 pro
270 3990 405 4066 καρτερόν
422 4014 459 4048 τε
476 4001 522 4049 καὶ
539 4001 624 4069 μέγα.
668 3997 745 4052 Nihil
764 4015 831 4052 vero
850 4000 1008 4068 perversius
1027 4016 1087 4054 esse
1104 4005 1199 4069 potest
1218 4019 1300 4070 quem

196 4092 273 4160 qued
291 4091 429 4160 Bergkius
449 4091 519 4145 Ran.
532 4096 584 4145 513
603 4111 655 4162 pro
674 4099 720 4148 καὶ
738 4091 792 4165 γίιρ
810 4090 933 4166 αὐλητρίς
950 4101 992 4164 μέ
1009 4112 1052 4148 σοι
1073 4090 1125 4162 ἤδη
1145 4097 1221 4150 ’κίον
1237 4100 1300 4151 ἔσθ’

197 4181 344 4258 ὡραιοτάτη
362 4183 566 4258 κώρχηστρίδες
586 4188 674 4260 ἕτεραι
685 4183 728 4243 tt’
747 4184 764 4256 ἢ
783 4197 854 4261 τρεῖς
872 4191 1022 4257 ,.fortasse··
1036 4192 1215 4246 scribendum
1235 4211 1299 4248 con-

195 4285 262 4339 iecit
282 4278 406 4352 τιύλητρίς
424 4287 462 4336 τέ
478 4300 532 4348 σοι,
551 4286 679 4354 quiahoc
697 4303 763 4340 casu
781 4286 886 4342 factum
906 4293 950 4342 est
967 4293 999 4342 ut
1016 4289 1045 4341 in
1053 4288 1160 4343 Veneto
1177 4289 1297 4359 legatur.

293 4381 320 4451 2)
340 4380 376 4433 ad
397 4380 466 4434 Ren.
485 4399 513 4452 p.
534 4387 594 4437 213.

1080 4486 1097 4537 2
