3090 5138
719 415 771 492 21‘

187 613 386 698 Henetiam,
407 614 461 702 qui
495 637 560 681 non
582 615 751 699 dubitavit,
782 614 859 699 quin
881 612 1019 697 κορίανν’
1047 633 1105 698 pro
1125 609 1290 694 bisyllabo
1340 698 1341 702 ρ

130 782 134 789 .
189 734 222 788 et
262 717 539 790 διασαλακώνισον
569 747 628 812 pro
672 723 945 811 quinquesyllabo
988 705 1103 800 ha'beri
1148 728 1318 806 possent„

188 818 298 916 itaque
321 833 378 916 Eq.
399 833 462 897 676
484 828 545 918 ἐγώ
581 833 617 898 δὲ
639 828 679 897 τά
701 831 840 916 κορίανν’
879 825 1041 918 ἐπριάμην
1072 823 1292 914 ὑπερδραμών

190 951 222 1005 et
249 942 349 1030 Vesp.
366 943 453 1008 ‘1169
487 937 547 1008 ridi
586 937 715 1026 προβάς
754 935 919 1030 τρυφερόν
951 965 983 1005 σι
1014 933 1291 1006 διασαλακώνισον

189 1052 302 1140 optimi
325 1052 457 1138 generis
481 1075 592 1118 versus
617 1063 733 1118 essent.

278 1145 353 1229 'Sed
377 1162 447 1226 iure
472 1163 615 1227 editores
635 1163 694 1228 hos
717 1161 864 1226 homines
886 1160 999 1224 doetos
1021 1159 1100 1247 ipsis
1117 1159 1288 1244 imponere

189 1293 254 1335 non
277 1270 363 1356 passi
386 1281 468 1338 sunt.
516 1275 567 1336 Ae
593 1272 776 1360 Vesperum
798 1271 872 1335 loeo
897 1269 957 1333 iam
983 1268 1172 1332 Dindorfius
1207 1266 1288 1330 vidit

189 1373 469 1446 ὁιασαικώνισον
492 1381 590 1446 scribi
609 1401 715 1468 posse,
736 1379 891 1467 Equitum
912 1401 990 1442 vero
1007 1399 1104 1441 versu
1131 1375 1289 1440 dubitabi-

190 1511 271 1573 mus,
305 1499 413 1553 utrum
444 1491 611 1574 vulgatam
647 1499 815 1554 teneamus
837 1513 893 1554 ,an
918 1486 1113 1554 Ravennatis
1138 1485 1289 1570 evestigio

127 1586 131 1597 ¹
188 1597 290 1663 seouti
322 1619 395 1660 eum
418 1597 599 1662 Fritzschio
625 1597 820 1662 scribamus·
839 1592 899 1682 ἐμοὶ
930 1596 957 1660 d'
988 1589 1150 1679 ἐπριάμην
1171 1588 1211 1657 τὰ
1232 1617 1288 1657 κο-

189 1703 286 1790 ρίανν’
314 1700 541 1790 ὕπεκδραμών.
584 1705 759 1786 Quaeritur
775 1705 893 1792 igitur,
915 1705 993 1790 quid
1018 1705 1159 1792 primum
1182 1701 1290 1777 Reisi-

189 1816 279 1901 gium
305 1815 527 1898 commoverit,
546 1825 583 1880 nt
607 1817 773 1900 vulgatam
793 1815 1002 1899 relinqueret.
1048 1814 1161 1878 Verba
1184 1811 1290 1876 homi-

190 1925 238 1989 nis
261 1924 441 1990 doctissimi
463 1950 496 2013 p.
520 1927 561 1991 59
592 1924 673 1989 haee
703 1935 794 1990 sunt:
819 1925 925 2010 „quod
948 1925 982 1988 in
1005 1924 1150 2008 vulgatis
1176 1941 1290 1986 exem-

189 2033 336 2120 plaribus
358 2035 532 2122 reperitur,
565 2028 776 2120 ὑποδραμών,
807 2033 946 2120 pedibus
978 2019 1013 2097 in
1042 2033 1130 2098 himo
1155 2030 1288 2096 modum

183 2141 318 2208 divisis:

315 2246 376 2336 ἐγώ
400 2251 436 2316 δὲ
457 2247 498 2315 τὰ
519 2250 670 2337 κοΙρίανν’
692 2245 866 2335 ἑπριάΙμην
887 2244 1088 2334 ὑποδραμών

191 2383 229 2426 eo
242 2359 288 2425 ita
298 2361 425 2425 numeri
440 2359 660 2444 debilitantur,
672 2368 707 2423 ut
720 2359 816 2422 etiarn
831 2359 927 2423 fracti
941 2359 1097 2444 quiddam
1116 2370 1147 2425 et
1161 2359 1286 2426 incom-

187 2469 285 2556 positi
309 2469 431 2534 habere
455 2461 643 2534 videantur:
673 2479 706 2533 et
727 2469 826 2533 talem
850 2471 980 2533 omnino
1003 2493 1134 2534 versum
1157 2470 1284 2534 Aristo-

185 2579 330 2665 phanem
355 2599 499 2662 unquam
522 2579 575 2643 vel
608 2577 705 2642 etiam
730 2578 829 2642 alium
854 2600 1080 2666 quemcunque
1112 2579 1283 2661 comicum,

187 2687 242 2776 qui
275 2686 316 2751 ad
340 2687 572 2775 Aristophanis
606 2687 744 2752 nitorem
780 2685 974 2770 secederet,
1014 2709 1101 2772 nego
1137 2688 1285 2754 feeisse.“

186 2797 278 2861 Idem
301 2822 333 2886 p.
346 2800 386 2862 57
403 2799 484 2862 Aah.
507 2798 546 2862 78
565 2779 706 2862 lectione
730 2797 893 2876 podicisss
914 2792 991 2874 σούς
1013 2798 1153 2864 πλεῖστα
1174 2799 1282 2874 devol-

186 2904 304 2988 μένους
331 2909 530 2997 κασαφαχεῖν
562 2904 616 2970 καὶ
645 2909 737 2970 πιεῖν
759 2926 912 2970 numeros
949 2905 1033 2970 ellici
1070 2905 1198 2970 dixerat
1220 2908 1285 2988 „in-

187 3013 305 3098 dignos
330 3013 562 3100 Aristophanis
585 3013 776 3100 palaestra.“
811 3013 862 3077 Ae
884 3035 920 3077 re
941 3034 1018 3076 vera
1036 3013 1201 3078 neminem
1220 3027 1284 3080 tam

185 3122 293 3188 surdis
327 3144 398 3188 esse
431 3131 510 3209 puto
547 3121 689 3204 auribus,
722 3121 801 3206 quin
832 3121 882 3186 his
919 3123 1063 3186 numeris
1088 3123 1281 3189 offendatur.

185 3231 258 3318 Ego
290 3230 421 3318 quidem
449 3254 515 3295 non
546 3231 634 3320 potui
660 3232 736 3294 satis
761 3230 881 3312 mirari,
904 3229 1085 3315 Bergkium
1107 3229 1279 3296 Fritasehii

185 3340 458 3423 emendationem,
475 3365 537 3428 qua
552 3341 783 3428 pravissimum
805 3363 937 3404 versum
960 3341 1066 3404 subito
1091 3341 1125 3406 in
1149 3342 1281 3428 elegan-

185 3449 343 3514 tissimum
366 3450 606 3514 commutatum
620 3449 790 3532 videbam,
813 3472 878 3514 non
902 3450 1076 3536 recepisse.
1121 3451 1165 3513 At
1186 3450 1282 3514 etiam

185 3559 289 3644 magis
320 3557 453 3622 miratus
482 3581 563 3640 sum,
587 3559 651 3622 Av.
680 3558 767 3624 1543.
784 3580 897 3624 omnes
929 3559 1070 3623 editores
1093 3559 1194 3624 solius
1220 3561 1282 3623 Ve-

185 3667 251 3732 neti
271 3667 447 3732 lectionem
470 3660 565 3731 πάντ’
591 3663 675 3748 ἔχεις
696 3669 776 3732 tanti
800 3669 926 3750 fecisse,
947 3678 983 3732 ut
1006 3669 1092 3734 hune
1114 3670 1280 3754 inelegan-

185 3776 342 3841 tissimum
366 3797 513 3841 versum:

309 3881 347 3970 ἣν
366 3884 393 3971 χ’
419 3879 458 3972 ἢν
479 3879 518 3951 σύ
539 3885 616 3968 παρ’
637 3883 761 3951 ἐκείνου
781 3880 983 3973 παραλάβῃς,
1006 3880 1102 3950 πάντ’
1129 3883 1213 3968 ἔχεις

184 3996 331 4085 recipere
353 3996 489 4060 mallent
512 4019 607 4080 quam
639 3991 679 4061 ori
705 3997 897 4084 pronomine
923 3997 1070 4082 expulsu,
1100 4006 1282 4060 ceterorum

183 4125 262 4168 vero
287 4103 435 4169 eodieum
457 4100 573 4169 ἅπαντ’
597 4115 726 4170 servato
748 4127 877 4171 versum
903 4105 1116 4194 Aristophani
1140 4104 1280 4170 reddere

184 4212 482 4300 elegantissimum:
1339 4193 1342 4200 Ι

313 4317 330 4342 (1
386 4317 436 4350 ,Ἃ

310 4346 386 4409 roy
416 4347 453 4410 ην
474 4323 551 4409 παρ’
576 4323 699 4390 ἐκείνου
722 4320 922 4414 παραλάβῃς,
946 4321 1061 4392 ἅπαντ’
1087 4324 1181 4410 ἔχεις.
