3090 5138
779 433 820 498 14

256 619 344 683 xime
368 618 513 708 pondere
543 618 691 684 videatur
721 618 833 684 iubere
856 641 1026 706 possumus
1058 617 1098 681 ud
1121 639 1159 682 ea
1180 616 1355 704 respicere,

257 749 342 815 quae
368 728 590 817 exposuimus,
622 727 710 792 uude
734 729 810 792 satis
832 729 896 792 iam
926 728 1085 816 apparuit,
1110 732 1145 790 r'n
1170 727 1255 790 Pace
1277 727 1356 790 Aci-

254 838 436 902 braulionis
460 836 559 903 Pluto
582 861 684 927 aequo
708 839 846 926 quadarn
871 851 1120 923 temperamento
1151 859 1257 900 orrerrea
1274 833 1353 922 fon·

256 962 302 1011 tes
326 950 444 1011 mixtos
477 944 545 1010 esse
579 961 683 1036 neque
714 948 817 1011 nllnm
848 945 981 1033 praeter
1009 961 1132 1011 ceteros
1150 947 1355 1032 praeualere,

255 1069 369 1121 contro
390 1059 423 1120 a'n
447 1055 622 1144 eqn'tr‘bns
653 1057 849 1120 deteriorum
880 1057 1035 1140 codicum,
1063 1060 1098 1120 t'n
1119 1054 1265 1120 Nubibus
1288 1053 1353 1120 Ra-

226 1153 230 1160 *
253 1167 401 1230 vennatis
424 1165 642 1250 archetypum,
664 1167 699 1228 t'n
718 1163 829 1250 Vespis
855 1189 879 1228 a
901 1165 1044 1228 codicem
1069 1167 1224 1250 optinere.
1261 1164 1353 1245 Quae

255 1293 329 1336 cum
351 1272 395 1336 ita
416 1271 480 1336 sint
502 1271 584 1336 haec
607 1292 680 1334 men
702 1269 741 1334 dc
763 1271 814 1334 his
836 1271 1000 1336 codicibus
1024 1271 1183 1336 sententia
1209 1281 1267 1355 est,
1298 1270 1352 1332 Ve-

253 1384 324 1444 neti
342 1383 569 1445 anctoritatem
593 1382 627 1442 t'n
653 1379 831 1468 Equitr'bns
856 1381 951 1466 lonpe
981 1384 1136 1466 superari
1155 1380 1353 1444 Ravennatis

253 1483 464 1573 anctoritate,
493 1491 528 1553 in
558 1487 704 1553 Nubibus
738 1492 770 1552 et'
789 1513 909 1574 parem,
935 1492 968 1552 in
991 1489 1079 1554 Pace
1102 1489 1226 1553 Avibus
1251 1489 1353 1553 lionis

257 1597 354 1662 t’tmo
377 1621 559 1684 supparem,
583 1599 618 1660 in
647 1597 757 1682 Vespr's
780 1621 817 1660 ea
840 1599 940 1662 multo
963 1601 1121 1661 maiorem
1144 1621 1221 1661 esse.

355 1707 447 1772 Haec
469 1713 544 1772 sunt
576 1727 658 1793 quae
691 1706 864 1770 enucleare
890 1707 1053 1793 potuimus
1080 1719 1121 1770 ert
1140 1706 1237 1770 vanis
1263 1705 1348 1770 cedi·
1429 1777 1432 1780 ,
1527 1735 1528 1788 j

253 1839 327 1882 cum
352 1815 561 1896 lectionibus3
598 1815 788 1901 quibuscum
811 1835 989 1902 compares,
1015 1835 1145 1900 quaeso,
1171 1825 1252 1898 quae
1275 1820 1351 1877 ante

254 1926 313 1990 hos
345 1923 458 1988 decem
498 1945 600 1988 annos
631 1921 823 1988 Kockius
856 1923 988 2009 scripsit
1022 1921 1130 2002 (Mus.
1160 1921 1265 1988 Rhen.
1289 1921 1351 1986 IX.
1439 1910 1443 1921 ’

231 2013 239 2054 ·‚
253 2056 285 2120 p.
297 2033 390 2116 512J:
421 2032 532 2114 ,Quae
554 2031 635 2096 ratio
660 2031 841 2096 intercedat
875 2032 962 2096 inter
986 2031 1106 2095 librum
1127 2032 1351 2098 Ravennatem

254 2151 286 2206 et
312 2141 486 2223 Venatum,
519 2141 572 2224 qui
602 2138 690 2204 illius
723 2139 951 2226 praestantiam
986 2139 1073 2203 haud
1104 2163 1179 2204 raro
1211 2161 1350 2227 aequare
1402 2153 1404 2160 ’

252 2250 390 2331 videtur,
423 2248 485 2313 alio
508 2248 605 2330 loco,
631 2248 657 2312 si
683 2247 744 2314 deo
774 2249 930 2335 placebit,
962 2270 1133 2337 exponam.
1193 2250 1350 2332 Quaestio

253 2359 338 2424 enim
363 2367 413 2422 est
436 2357 641 2423 subdifficilis
662 2363 693 2422 et
712 2359 860 2441 obscura,
879 2357 921 2423 ad
941 2381 1037 2442 quam
1058 2358 1085 2423 is
1108 2358 1240 2424 demum
1255 2381 1349 2424 accu—
1388 2366 1390 2369 ’

250 2479 320 2532 rate
346 2466 547 2555 respondere
582 2468 720 2554 poterit,
751 2466 804 2551 qui
828 2489 887 2554 per
912 2489 1024 2532 omnes
1046 2467 1278 2557 Aristophanis
1301 2468 1348 2533 fa·

251 2577 344 2642 bulas
366 2575 437 2664 pari
458 2573 644 2640 assiduitate
674 2586 706 2640 et
729 2574 900 2661 diligentia
923 2585 956 2641 et
977 2575 1207 2644 similitudines
1231 2588 1263 2643 et
1286 2578 1348 2644 dis·

251 2685 432 2772 crepantias
472 2684 653 2773 scripturae
676 2685 959 2771 pervestigaverit.
1008 2685 1120 2752 Unum
1145 2686 1231 2751 enim
1254 2709 1349 2774 supe·

250 2795 335 2860 tiore
369 2816 454 2858 anno
485 2794 603 2878 ,(Mus.
634 2793 738 2859 Rheu.
752 2793 839 2858 VIII
870 2817 901 2881 p.
920 2795 1017 2875 352)“
1047 2795 1157 2860 monui
1182 2796 1348 2862 Venatum

249 2904 354 2968 videri
381 2903 581 2992 descriptum
612 2911 759 2968 essesut
790 2903 1040 2968 chavenuate
1072 2904 1143 2990 ipsu
1166 2915 1222 2970 aut
1245 2928 1287 2970 ex
1309 2927 1348 2970 eo

249 3012 343 3095 libro,
369 3035 410 3078 ex
437 3034 501 3098 quo
525 3011 623 3077 etiam
645 3012 816 3078 Ravennae
838 3012 999 3098 originem
1026 3013 1199 3102 acceperit,
1223 3015 1347 3100 aliquot

249 3132 361 3186 tamen
380 3121 460 3186 locis
482 3130 549 3188 tam
572 3120 736 3204 insignem
760 3119 917 3185 exhibere
945 3121 1094 3186 lectionis
1116 3121 1347 3206 diversitatem,
1420 3150 1421 3153 ¹

249 3240 285 3294 ut
307 3251 344 3294 ea
367 3252 409 3294 ex
431 3216 712 3318 aliisquibusdam
748 3229 850 3312 libris,
887 3253 953 3297 uon
975 3232 1077 3297 multo
1112 3231 1347 3298 recentioribus

249 3341 452 3424 Rauennate,
488 3339 623 3404 forsitan
657 3341 755 3404 etiam
788 3341 1019 3406 vetustioribus
1052 3343 1166 3408 hausta
1198 3364 1269 3408 esse
1298 3343 1345 3406 vi·

251 3441 396 3514 dentur.“

348 3749 415 3814 lam
448 3772 466 3813 a
496 3747 660 3816 codicibus
696 3750 737 3815 ad
768 3764 898 3838 poetam
932 3763 1144 3820 transeamus.
1196 3753 1259 3820 Oui
1280 3777 1347 3820 nou

250 3857 356 3924 minus
378 3857 650 3942 consuluerimus
674 3859 701 3924 si
725 3863 900 3928 nonnullos
922 3863 1011 3928 locos
1034 3865 1073 3928 ab
1097 3863 1264 3928 hominum
1288 3863 1348 3930 do-

249 3979 386 4050 ctorum,
407 3967 461 4054 qui
483 3965 647 4032 interdum
670 3967 868 4034 Ravennatis
890 3973 944 4036 vel
966 3971 1087 4036 Veneti
1110 3972 1208 4038 variis
1232 3973 1346 4038 lectio·

203 4087 204 4090 ’
248 4077 344 4142 nibus
357 4097 392 4140 sc
407 4074 512 4161 decipi
526 4076 613 4162 passi
629 4087 714 4159 sunt,
738 4079 933 4144 coniecturis
954 4080 1229 4147 vindicaverimus
1250 4106 1347 4170 quam

248 4185 275 4251 si
297 4183 378 4249 alios
401 4192 512 4249 nestro
527 4184 630 4249 Marte
652 4185 783 4251 illorum
801 4186 951 4254 codicum
972 4211 1033 4278 ope
1050 4190 1343 4257 emendaverimus.

247 4294 387 4365 Errores
409 4314 499 4376 vero,
521 4315 563 4358 ne
584 4293 711 4360 inutilia
732 4318 877 4383 agamus,
900 4319 956 4364 eos
972 4299 1178 4386 potissimum
1198 4302 1344 4366 refutan-
