3090 5138
696 509 737 576 rs

166 697 226 782 μὲν
249 683 306 762 οὖν
327 688 509 781 άπάτρεχε,
533 690 726 781 παιδάριον,
750 695 842 760 couci
862 689 981 778 λαβών.
1004 695 1141 760 Restant
1167 693 1269 780 igitur

166 807 199 871 hi
225 807 369 893 quinque
394 805 478 871 loci:
953 801 955 805 ’

294 915 397 979 Plat.
421 938 471 1001 ap.
487 915 585 981 Mein.
609 914 702 981 Com.
717 915 755 978 ΙΙ
779 937 810 1001 p.
823 915 884 980 682
908 899 1004 992 οὗτος
1025 913 1074 992 τίς
1101 905 1150 993 εἷς
1179 911 1268 998 λέγε

477 1061 479 1075 =
524 1027 525 1031 ’
610 1018 719 1106 ταχύ·
748 1023 781 1088 τί
803 1015 1114 1112 σιγᾷςςοάκὲρεῖς,

293 1132 440 1196 Aristo
453 1133 511 1220 ph.
526 1132 628 1219 Vesp.
641 1133 702 1197 tot
720 1119 747 1196 ui
770 1128 908 1216 δαιμόνι’
932 1131 1048 1198 ἐλέει
1067 1127 1144 1210 τούς
1159 1133 1271 1198 ταλαι-

746 1240 981 1325 πιορονμένοος

295 1353 338 1416 id.
369 1353 412 1418 ib.
447 1351 527 1415 1169
556 1346 617 1416 uidi
648 1347 778 1434 προβάς
807 1346 971 1440 τρυφερόν
1003 1375 1041 1416 τι
1078 1351 1269 1417 διασαλα-

746 1483 885 1524 κωνισον

292 1569 335 1632 id.
360 1567 445 1632 Plut.
467 1568 541 1630 1011
568 1561 737 1653 νηττάριον
759 1561 798 1632 dv
820 1566 873 1631 sul
896 1561 1035 1654 φάττιον
1055 1561 1268 1650 ὑπεκορίζετο

290 1678 523 1744 Nicostrat.
553 1701 602 1763 ap.
629 1675 729 1742 Mein.
754 1675 847 1742 Com.
868 1675 929 1740 III.
953 1699 985 1762 p.
998 1675 1060 1739 284
1079 1669 1206 1752 λευκός·
1229 1671 1268 1742 τὸ

641 1779 700 1868 γάρ
723 1778 828 1864 πάχος
850 1779 1056 1867 ὑπερέκυπτε
1076 1786 1136 1848 τοῦ
1158 1787 1267 1849 κανοῦ.

167 1897 201 1964 si
226 1919 268 1960 ex
282 1906 407 1982 septem
428 1917 508 1979 quos
529 1895 591 1958 ictu
615 1904 780 1959 correctos
799 1893 1030 1980 adscripsimus
1041 1893 1269 1980 Thesmopho-

166 2005 375 2088 riazusarum,
410 2027 450 2069 ex
475 2004 523 2068 his
548 2025 625 2068 vero
649 2003 727 2066 locis
753 2003 935 2089 Vesperum
962 2003 1101 2068 alterum
1124 2024 1267 2091 excepe-

166 2115 221 2196 ris,
245 2115 307 2179 hos
331 2117 370 2179 ab
395 2114 460 2178 illis
489 2137 527 2178 eo
551 2099 685 2177 differre
719 2112 903 2197 intelleges,
939 2112 1025 2200 quod
1056 2113 1164 2176 thesin
1198 2111 1266 2180 cius

166 2225 280 2311 pedis,
311 2225 364 2307 qui
387 2223 677 2309 proceleusmatico
707 2222 796 2287 effici
828 2222 976 2304 videtur,
1008 2243 1073 2286 uno
1106 2221 1266 2292 vocabulo

167 2333 438 2419 comprehensam
461 2333 591 2416 habent,
614 2355 687 2396 cum
709 2332 743 2396 in
768 2330 832 2396 illis
854 2332 894 2395 ab
916 2331 1019 2394 altera
1040 2331 1171 2396 theseos
1195 2330 1261 2415 syl«

166 2443 239 2508 laba
265 2465 389 2509 novum
418 2442 562 2507 ordiatur
585 2442 789 2507 vocabulum.
835 2441 944 2525 Atque
966 2440 1029 2507 hoc
1055 2440 1165 2527 paullo
1190 2440 1265 2527 plus

170 2553 341 2617 molestiae
370 2552 491 2636 habere
523 2550 655 2615 videtur
677 2551 755 2634 illo,
789 2549 864 2634 quia
897 2548 1066 2636 proniores
1091 2556 1201 2628 sumus
1223 2549 1266 2612 ad

168 2663 255 2727 arsin
271 2687 289 2726 a
308 2684 393 2726 novo
408 2661 572 2726 vocabulo·
583 2683 677 2746 quam
692 2661 731 2724 ab
748 2659 862 2724 ultima
878 2659 1020 2745 proximi
1040 2657 1270 2746 incipiendam.

168 2771 242 2836 Hac
265 2771 306 2835 de
329 2791 479 2834 causa-
494 2791 688 2854 quamquam
710 2768 791 2832 nihil
815 2777 921 2834 statuo
937 2805 977 2814 -
993 2769 1131 2833 sortasse
1151 2789 1265 2834 versus

166 2879 310 2944 Platonis
336 2879 511 2944 Nicostrati
538 2878 766 2964 Aristophanis
792 2878 973 2966 Vesperum
996 2878 1085 2965 prior
1101 2865 1147 2942 ¹et
1170 2879 1260 2944 Pluti

169 2988 302 3053 defendi
325 2997 471 3076 possunt,
492 2990 526 3053 in
549 2986 650 3052 multo
673 2987 768 3051 etiam
789 2986 975 3070 graviorem
987 3008 1063 3051 vero
1087 2987 1265 3074 reprehen-

167 3100 292 3163 sionem
313 3099 396 3163 alter
422 3099 605 3184 Vesparum
629 3079 743 3162 versus
768 3106 800 3162 ct
825 3118 921 3182 quem
946 3097 1077 3181 quidem
1099 3097 1264 3184 Reisigius

166 3209 270 3272 voluit
291 3209 353 3295 Ep.
376 3209 437 3273 676
461 3208 639 3273 incurrunt.

269 3317 431 3382 Neutrum
471 3317 618 3404 quamvis
651 3317 684 3380 in
721 3317 783 3382 hoc
817 3317 904 3382 omni
940 3339 1063 3404 genere
1097 3319 1266 3390 nobiscum

167 3427 378 3492 consentiens
403 3425 643 3490 emendandum
678 3447 748 3490 esse
771 3425 988 3490 ,Hanovius
1011 3426 1072 3492 sibi
1095 3427 1268 3513 persuasit,

167 3535 249 3600 falsa
270 3533 408 3617 quadam
432 3533 583 3620 opinione
607 3544 731 3619 captus,
754 3533 846 3598 cuius
870 3533 993 3620 primus
1017 3545 1128 3602 auctor
1150 3536 1266 3604 seid-

169 3645 206 3706 le
221 3667 286 3708 rus
311 3643 382 3706 fuit.
414 3644 448 3708 Is
472 3643 559 3706 enim
585 3643 618 3706 in
643 3665 781 3708 excursu
806 3645 867 3723 ,de
890 3643 1022 3729 dactylo
1044 3656 1077 3711 et
1099 3645 1265 3712 tribracho

168 3752 203 3816 in
230 3751 341 3839 quinta
374 3751 494 3816 senarii
524 3751 652 3817 iambici
690 3752 807 3841 pede“,
830 3775 926 3838 quem
958 3754 1180 3820 dissertationi
1196 3751 1268 3839 ',de

167 3861 317 3926 versibus
350 3860 548 3926 dochmiacis
571 3863 768 3946 tragicorum
793 3864 1005 3949 graccorum“
1029 3865 1159 3948 adiecit,
1181 3887 1268 3948 ,scc-
1377 3921 1381 3926 .

170 3971 261 4034 nicos
299 3981 411 4058 poetas
444 3970 627 4035 tribachum
662 3971 899 4060 dactylumque
935 3974 970 4038 in
1004 3973 1115 4060 quinta
1148 3974 1267 4038 senarii

172 4077 250 4143 sede
274 4079 319 4142 ita
340 4077 531 4166 praesertim
556 4080 758 4143 tolerabilem
777 4079 1030 4167 offensionisque
1053 4103 1130 4146 arrae
1153 4079 1269 4170 exper-

168 4197 233 4250 tem
257 4187 429 4269 iudicasse,
453 4187 478 4252 si
502 4187 663 4273 cumipse
687 4187 791 4274 quinti
814 4189 907 4276 pedis
930 4190 993 4254 arsi
1017 4191 1124 4254 soluts
1146 4214 1266 4257 novum

167 4296 361 4361 vocabulum
385 4296 565 4382 inciperet“
587 4296 707 4384 docuit.
741 4296 802 4362 Cui
824 4298 892 4384 legi
918 4299 972 4386 qui
991 4311 1179 4386 repugnant
1203 4301 1267 4368 loci

168 4423 240 4474 cum
267 4406 417 4496 plerique
445 4406 489 4470 ita
519 4406 698 4494 comparati
724 4406 798 4491 sint,
822 4417 877 4492 ,ut
905 4407 937 4474 iu
960 4408 1063 4495 quinti
1086 4410 1179 4498 pedis
1200 4413 1266 4477 arsi
