3090 5138
810 474 832 540 4

269 679 342 740 νυς,·
362 654 421 739 ἐἷς
452 652 614 726 εὐτέλειαν
645 662 716 748 χηνὶ
749 657 1015 747 συγγεγραμμένῳ
1046 697 1084 704 -
1095 703 1105 736 ,
1130 679 1245 722 verum
1271 655 1366 720 etiam

266 795 324 854 μοι
357 780 394 836 ut
426 771 564 835 addatur
594 772 633 835 ab
661 771 894 858 Aristophanis
927 768 1057 834 dicendi
1089 791 1148 832 usu
1177 768 1265 832 clara
1286 786 1367 830 voce

267 880 430 967 poscitur3
465 879 587 962 videas,
621 901 752 965 quaeso,
782 879 905 944 similes
929 880 1020 944 locos
1044 881 1121 945 hos:
1144 878 1205 964 Eq.
1228 877 1289 942 184
1313 877 1367 958 ξυ-

266 989 403 1055 νειδέναι
425 987 458 1052 τί
489 1013 562 1072 μοι
595 989 737 1066 δοκεῖς
760 992 868 1074 occup*
894 983 1002 1073 καλόν,
1025 988 1111 1054 Nub.
1137 987 1216 1053 1276
1238 982 1296 1052 τὰν
1317 985 1367 1070 ἐγ-

265 1098 408 1188 κέφαλον
430 1092 543 1184 ὰίσπερ
568 1099 743 1165 σεσεῖσθαί
759 1125 817 1183 μυι
839 1101 859 1165 d
867 1104 990 1182 υκεῖς,
1014 1101 1115 1188 Vesp.
1131 1099 1210 1165 1405
1231 1121 1366 1186 σωφρο-

265 1213 333 1274 νεῖν
354 1199 393 1273 dv
412 1233 485 1292 μοι
509 1209 665 1287 δοκεῖς,
692 1209 755 1274 Av.
781 1210 844 1274 935
875 1205 1007 1287 πάντως
1029 1207 1065 1276 δέ
1086 1234 1160 1293 μοι
1180 1211 1278 1296 ῥιγαῖν
1299 1209 1366 1273 do-

264 1322 365 1400 κεῖς,
390 1319 432 1383 ib.
459 1319 539 1383 1370
561 1305 598 1383 εὖ
629 1317 755 1402 γέμον
779 1319 922 1396 δοκεῖς
956 1316 1073 1403 λέγειν,
1100 1318 1141 1382 ib.
1163 1317 1244 1382 1674
1263 1317 1358 1382 δίκαι’

242 1423 359 1510 ·ἒ’μυι
377 1426 493 1512 γεκαὶ
513 1421 612 1491 πάλιν
632 1428 774 1505 δοκεῖς
796 1425 911 1516 λέγειν,Ι
931 1428 1061 1492 Thesm.
1078 1427 1139 1492 622
1163 1427 1273 1512 ληρεῖν
1294 1451 1365 1510 μαι

264 1536 416 1614 δοκεῖς,
438 1537 518 1602 Rau.
543 1537 625 1600 1220
647 1533 792 1624 ὑφέσθαι
814 1562 887 1620 μοι
910 1537 929 1601 d
939 1540 1080 1614 σκεῖς,
1108 1535 1198 1602 Eccl.
1222 1537 1283 1601 920
1304 1536 1363 1600 do·

264 1649 358 1721 κεῖς
379 1644 416 1709 ds'
439 1670 512 1727 μυι
535 1645 588 1710 καί
609 1640 736 1729 λάμβδα
759 1647 825 1710 κτλ.
869 1645 956 1710 Plut.
969 1646 1032 1710 364
1052 1637 1143 1710 odana
1165 1641 1211 1728 μὰ
1226 1641 1284 1731 τὴν
1302 1639 1364 1731 Λιγ-

263 1747 356 1840 μνγτρ’
381 1749 532 1838 ὑγιαίνειν
552 1779 621 1838 μοι
641 1755 786 1832 δοκεῖς
809 1757 851 1819 cf.
868 1755 959 1838 1060,
981 1755 1070 1833 1066,
1094 1755 1136 1819 ib.
1152 1754 1214 1818 422
1237 1741 1264 1817 αῖ
1284 1757 1364 1839 γραῦ

263 1859 379 1946 μαινὰς
401 1854 485 1928 εἷναί
506 1889 579 1946 μοι
605 1864 748 1941 dorcic
768 1863 800 1947 ¹).
836 1863 927 1944 Quae
953 1885 1026 1926 eum
1040 1862 1084 1926 ita
1105 1863 1180 1944 sint,
1205 1863 1267 1927 hoc
1290 1863 1363 1928 loco

195 1951 204 1977 t
264 1972 402 2038 dubitari
427 1973 550 2057 nequit,
577 1974 654 2059 quin
678 1973 779 2038 ceteri
796 1973 925 2038 codices
938 1995 1050 2037 verum
1071 1972 1284 2056 servaverint,
1301 1973 1363 2038 Ra·
1463 1995 1470 2006 ¹

261 2103 384 2145 vennas
407 2091 439 2145 et
464 2081 612 2144 Venetus
636 2081 799 2146 communi
823 2081 902 2144 vitio
928 2081 1076 2146 laborent
1096 2102 1200 2168 coque
1221 2079 1363 2168 duplici3

264 2188 322 2254 sed
345 2189 408 2254 hoo
431 2190 500 2260 solo
526 2190 599 2254 loco
620 2190 677 2254 vix
702 2190 878 2254 convinces
912 2190 1051 2254 eundem
1092 2189 1262 2273 utriusque
1295 2191 1364 2254 fon·

262 2308 328 2362 tem
352 2298 462 2362 fuisse.

363 2411 410 2475 At
434 2409 592 2496 suspicari
627 2409 703 2473 licet
726 2409 951 2474 Hermannum
976 2430 1042 2472 non
1071 2417 1137 2471 tam
1159 2406 1200 2471 ad
1222 2407 1359 2492 Equites

263 2543 357 2607 quam
382 2519 422 2583 ad
445 2519 600 2601 Nubes,
624 2542 718 2605 quam
750 2517 911 2581 edendam
935 2517 994 2580 sibi
1023 2525 1214 2602 sumpserat,
1246 2538 1358 2602 respe-

261 2627 362 2692 xisse.
407 2627 517 2710 Atque
550 2627 583 2690 in
617 2627 677 2690 hac
699 2626 808 2690 fabula
838 2625 1005 2689 manifesta
1038 2625 1218 2688 communis
1240 2625 1357 2689 horum

262 2736 413 2800 codicum
443 2736 581 2820 originis
608 2733 903 2820 insunt'vestigia.¹
931 2734 1048 2819 Neque
1072 2733 1158 2798 cnim
1186 2734 1292 2798 solum
1315 2733 1360 2797 le·

260 2845 352 2910 viora
374 2845 454 2908 vitia
474 2843 656 2908 communia
675 2844 796 2908 habent
817 2844 917 2907 haec:
938 2866 967 2908 v.
990 2843 1030 2906 92
1046 2841 1200 2928 &opidana
1221 2865 1280 2930 pro
1295 2837 1358 2908 96-

263 2977 344 3039 ριυν,
367 2976 396 3018 v.
411 2953 474 3016 243
497 2948 633 3036 ἔτριψεν
652 2974 711 3038 pro
741 2950 930 3036 ἐπέτριψεν,
954 2975 984 3016 v.
1000 2950 1060 3015 267
1082 2946 1183 3038 μήπω
1201 2975 1235 3037 γε
1256 2947 1358 3039 μήπω

262 3085 297 3146 γε
321 3084 380 3149 pro
402 3056 504 3147 μήπω
525 3056 627 3146 μήπω
651 3084 695 3146 γε,
721 3084 752 3124 v.
765 3062 827 3124 300
851 3059 884 3138 ἐς
904 3055 1012 3141 χθόνα
1033 3082 1092 3146 pro
1113 3055 1228 3141 χθόνα,
1252 3085 1282 3126 v.
1297 3061 1358 3124 307

258 3164 431 3254 νιρὸὰυμυι
461 3192 519 3255 pro
553 3164 731 3254 πρὰςυὰυι,
756 3193 785 3234 v.
806 3171 867 3234 744
888 3163 990 3234 πάλαι
1023 3193 1082 3257 pro
1111 3165 1218 3249 πάλιν,
1243 3194 1273 3236 v.
1297 3170 1357 3236 807
1393 3234 1395 3238 ,

261 3274 363 3362 μὸνυς
382 3300 441 3366 pro
463 3273 577 3361 μόνας,
603 3301 633 3343 v.
656 3278 718 3342 868
741 3277 828 3343 ἐστιν
849 3301 908 3364 pro
933 3276 996 3343 ἐστ’
1027 3276 1091 3362 ἔτ’,
1123 3302 1152 3344 v.
1175 3279 1237 3344 960
1259 3271 1359 3345 αὐτοῦ

258 3410 321 3474 pro
353 3390 495 3470 σαυτοῦ,
520 3411 551 3453 v.
574 3387 637 3452 944
659 3381 749 3472 παρὰ
777 3409 837 3473 pro
865 3385 962 3468 περί,
987 3410 1016 3452 ν.
1040 3388 1122 3452 1002
1147 3382 1185 3455 σὰ
1208 3413 1267 3477 pro
1288 3376 1355 3473 σὰν,

257 3520 289 3563 v.
315 3496 394 3560 1081
418 3521 454 3561 τε
477 3520 535 3583 pro
560 3495 649 3580 ἐστί,
672 3519 702 3559 v.
727 3495 808 3560 1124
829 3491 922 3582 ἡνίκα
943 3492 1002 3582 γὰρ
1026 3521 1085 3584 pro
1116 3493 1196 3586 ἡνίκ’
1226 3489 1266 3563 dv
1285 3496 1356 3586 γὰρ,

257 3629 286 3670 r.
305 3605 391 3670 Ι1282
421 3598 516 3670 οὐδὲν
544 3629 604 3692 pro
635 3597 728 3682 σι’·ὰέ,
753 3628 782 3669 v.
807 3605 887 3669 1409
912 3601 1094 3693 ἕτὰπτησας
1116 3631 1175 3694 pro
1205 3605 1358 3695 ἔτυπτες,

257 3736 373 3778 verum
391 3713 487 3778 etiam
504 3712 666 3798 graviora.
679 3735 709 3777 v,
724 3713 805 3777 1198
822 3714 907 3778 enim
926 3737 992 3780 non
1013 3737 1177 3800 assequor,
1193 3719 1356 3802 quomodo

359 3974 383 4038 1)
404 3970 435 4024 In
455 3971 597 4026 codicibus
617 3971 723 4042 legitur
742 3969 777 4026 σὺ
795 3974 821 4026 d’
839 3973 863 4026 εί
880 3979 935 4040 τίς,
955 3972 1045 4047 ὠχρὰ
1062 3977 1129 4048 μὲν
1146 3973 1209 4049 γὰρ
1229 3979 1357 4053 είναίμοι

256 4065 358 4124 δοκεῖς.
379 4067 412 4118 Α.
432 4067 473 4120 dc
491 4068 619 4122 Velscn
644 4070 750 4140 ¹(Symb.
778 4071 874 4140 philol.
892 4072 980 4127 Bonn.
1011 4092 1036 4142 p.
1053 4075 1117 4139 413)
1140 4075 1355 4146 Aristophanem

259 4157 335 4232 ὠχρὰ
355 4149 483 4234 μαινὰς
500 4165 571 4219 εἶναί
579 4187 627 4237 μοι
646 4167 737 4226 δοκεῖς
757 4169 902 4237 scripsisse
922 4169 1078 4238 suspicatus
1098 4174 1155 4240 est;
1173 4171 1202 4224 in
1222 4190 1276 4242 qua
1297 4174 1353 4228 cle-

256 4259 422 4327 gantissima
435 4261 595 4315 coniectura
613 4281 698 4317 unum
717 4265 848 4333 displicet
867 4261 942 4336 ὠχρὰ
953 4265 1123 4321 adiectivum
1140 4267 1287 4341 υᾱμαινὰς
1304 4271 1354 4324 ad-

256 4354 370 4410 iectum.
409 4356 476 4410 Inde
496 4375 528 4412 ea
549 4360 690 4430 scriptura
711 4365 778 4416 nata
795 4365 846 4430 est,
864 4379 948 4430 quam
966 4380 1051 4433 supra
1068 4365 1171 4435 recepi.
