3090 5138
698 455 741 522 35

169 639 308 704 rendam
341 639 438 706 esse?
474 641 593 724 Qualia
614 661 694 706 vero
717 643 817 707 verba
850 641 1075 708 interciderint
1108 643 1197 707 velut
1228 664 1270 707 cx

172 747 236 812 hoc
259 749 412 835 exemplo
436 749 562 815 discere
583 759 694 836 potes:

298 856 398 942 μηδὲν
423 843 654 942 circinatae
676 861 747 922 νῦν
772 854 908 924 ἔλαττον
929 857 1031 923 ποίει.

274 963 413 1031 Scilicet
435 965 551 1031 chorus
575 967 706 1031 videtur
728 966 925 1031 insiciarium
948 965 1166 1050 admonuisse,
1189 988 1272 1031 nea

173 1075 343 1161 proposito
365 1074 540 1140 desisteret
561 1096 645 1139 neve
668 1075 835 1139 inimicum
860 1075 1003 1140 animum
1023 1075 1215 1140 remitteret.

273 1183 369 1249 Rau.
391 1183 453 1247 263
484 1175 580 1249 οὐδὲ
610 1179 693 1270 μὴν
721 1179 828 1270 ἡμᾶς
859 1180 909 1250 σύ
941 1179 1112 1262 πάντως
1136 1183 1272 1250 simulac

174 1293 254 1378 legi,
276 1282 309 1356 in
332 1287 416 1379 ἡμᾶς
434 1288 474 1358 σύ
496 1295 670 1358 verborum
705 1295 930 1359 conlocatione
959 1294 1100 1377 offendi,
1134 1316 1271 1382 quorum

173 1405 314 1468 alterum
339 1403 486 1486 quamvis
508 1403 629 1466 maiore
659 1403 689 1466 vi
714 1402 897 1490 praeditum
920 1403 1022 1492 priori
1055 1427 1121 1469 non
1143 1414 1272 1486 antece-

175 1511 254 1576 dere
275 1535 341 1577 non
371 1521 518 1598 poteram
548 1512 625 1576 satis
653 1512 774 1576 mirari.
819 1512 887 1580 Sed
911 1535 988 1578 mox
1009 1512 1107 1576 ctiam
1126 1535 1162 1598 γε
1185 1514 1274 1578 desi-

175 1620 298 1701 deravi,
323 1643 386 1706 quo
410 1615 449 1686 oti
469 1643 650 1706 pronomen
663 1615 748 1707 ἡμᾶς
763 1621 947 1706 pronomini
969 1621 1154 1709 oppositum
1178 1621 1272 1686 effer-

174 1738 274 1794 retur.
318 1729 473 1811 Quaesivi
497 1729 609 1814 igitur,
636 1753 713 1794 num
741 1730 819 1814 quid
844 1729 956 1795 auxilii
989 1730 1063 1794 loco
1098 1730 1185 1795 haud
1216 1731 1274 1795 du·

174 1841 229 1904 bie
251 1850 405 1926 corrupto
429 1861 471 1903 ex
493 1839 660 1904 codicibus
684 1839 751 1924 peti
787 1849 907 1924 posset.
952 1838 1064 1924 Atque
1098 1839 1208 1905 inveni
1238 1839 1272 1904 in

174 1933 363 2015 Rauennate
391 1971 425 2033 pc
452 1948 520 2033 legi
552 1971 650 2034 supra
679 1949 801 2034 scripto
834 1943 876 2014 od
907 1947 1112 2035 pronomine.
1155 1950 1273 2035 Itaque

176 2081 242 2122 non
263 2057 408 2122 dubitavi
439 2055 580 2143 primum
602 2051 641 2122 σύ
665 2080 700 2142 γε
733 2057 924 2134 restituere,
956 2056 1075 2122 deinde
1107 2067 1144 2122 ut
1175 2059 1273 2122 etiam
1326 2091 1330 2100 ·

175 2167 357 2233 conlocatio
387 2169 504 2232 horum
537 2168 711 2231 verborum
742 2167 982 2252 corrigeretur,
1002 2167 1134 2232 inverso
1157 2167 1274 2234 ordino

174 2271 214 2342 σύ
237 2277 264 2362 y’
288 2271 372 2361 ἡμᾶς
394 2277 548 2341 scribere.
592 2276 665 2357 Quo
696 2276 783 2340 facto
807 2275 889 2340 nihil
917 2275 1075 2340 relicuum
1100 2284 1180 2359 erat,
1211 2275 1273 2340 nisi

173 2396 211 2451 ut
233 2379 366 2462 πάντως
388 2385 546 2449 vocabulo
570 2385 766 2472 transposito
786 2383 1002 2448 scriberetur:
1152 2387 1154 2392 ’

302 2484 401 2558 οὐδὲ
424 2488 503 2580 μὴν
527 2488 698 2571 πάντως
720 2487 766 2559 σύ
789 2493 816 2578 γ’
841 2487 957 2578 ἡμᾶς,

175 2624 259 2690 quae
285 2603 385 2667 verba
421 2602 499 2686 quin
523 2602 624 2690 ipsius
649 2602 881 2690 Aristophanis
911 2603 1035 2668 tuerint
1057 2624 1123 2667 non
1148 2601 1273 2669 dubito.

173 2711 245 2778 Noc
267 2733 393 2792 vereor,
416 2717 458 2776 ne
480 2712 646 2796 Bergkius
668 2711 745 2776 huic
769 2711 950 2798 scripturae
974 2733 1055 2792 eam,
1083 2735 1179 2798 quam
1202 2711 1273 2800 ipse

173 2842 240 2886 non
271 2830 336 2886 tam
369 2820 593 2907 recipiendam
629 2821 799 2907 proposuit
832 2841 928 2904 quam
962 2829 999 2883 ut
1027 2819 1203 2904 aliquando
1238 2821 1272 2884 in

173 2929 287 2994 codice
302 2929 410 3013 aliquo
431 2929 642 3012 inveniretur,
658 2930 803 3016 optavit:
823 2921 916 2994 ἀλλὰ
935 2923 999 3016 μὴν
1016 2925 1111 3014 ἡμεῖς
1131 2951 1176 2995 σε
1191 2922 1274 2994 πάν-

173 3062 240 3116 τως
259 3037 505 3126 praepositurus
526 3039 577 3103 sit.
816 3113 818 3118 Ι

273 3147 385 3212 Plut.
400 3148 462 3214 258
484 3148 585 3232 vulgo
608 3148 797 3233 legebatur:

295 3249 341 3334 ὠς
361 3251 449 3333 εἰκός
474 3254 561 3322 ἐστιν
581 3249 737 3334 ἀσθενεῖς
756 3255 965 3342 γέροντας
986 3247 1058 3322 tivo
1066 3281 1139 3341 ρας
1160 3247 1231 3344 ἤδη.

275 3365 514 3430 Meinekius
546 3364 755 3436 hauddubie
781 3367 870 3430 nulla
899 3366 962 3430 alia
986 3366 1027 3431 de
1055 3389 1151 3431 causa
1176 3389 1273 3452 quam

175 3473 263 3560 quod
287 3463 347 3558 ἤδη
370 3474 578 3560 participium
602 3475 759 3562 requirit,
782 3497 845 3561 quo
872 3498 945 3540 cum
969 3457 1172 3540 substantivo
1196 3497 1272 3540 con·

174 3579 340 3668 iungatur,
359 3583 510 3668 scripsit:

299 3687 345 3770 ὡς
369 3687 457 3770 εἰκός
479 3691 566 3758 ἐστιν
587 3685 744 3772 ἀσθενεῖς
765 3693 971 3779 γέροντας
996 3683 1115 3770 ὄντας
1136 3681 1207 3778 ἤδη.

275 3801 368 3866 Haec
406 3802 590 3867 emendatio
622 3824 661 3867 eo
695 3824 767 3868 sese
800 3803 1029 3885 commendat,
1064 3799 1153 3885 quod
1191 3819 1274 3886 quae

105 3892 108 3896 ’
174 3909 210 3974 in
240 3907 393 3993 γέροντας
425 3899 521 3988 dcccc
553 3910 660 3975 verbis
692 3909 822 3974 auditur
856 3904 1038 3997 παρήχησις
1058 3909 1274 3994 Aristophani

175 4018 211 4084 in
249 4017 377 4084 deliciis
399 4019 499 4084 fuisse
532 4020 673 4102 videtur,
700 4020 764 4084 vid.
788 4019 949 4085 Achra?
982 4018 1134 4104 γέροντας
1168 4008 1274 4103 ὄντας,

175 4125 236 4212 Eq.
255 4127 317 4192 533
341 4117 421 4190 ἀλλὰ
453 4126 556 4212 γέρων
585 4122 630 4192 ὢν
652 4126 836 4215 περιέῤῥει,
861 4128 964 4214 Vesp.
983 4129 1045 4192 278
1075 4123 1114 4192 τὸ
1146 4122 1274 4212 σφυρὸν

174 4233 326 4319 γέρονιος
347 4225 450 4314 ὅντες,
474 4237 617 4302 ib.1384
639 4227 700 4323 ἤδη
721 4235 825 4322 γέρων
846 4226 901 4316 u'ir,
924 4222 988 4302 'Aa
1013 4236 1094 4300 1256
1112 4230 1199 4302 οὕτω
1221 4233 1274 4320 γε’-

176 4370 243 4430 ρων
265 4336 321 4428 dv,
342 4343 431 4410 Eccl.
451 4345 513 4410 323
538 4341 590 4413 ὅτι
611 4345 715 4434 γέρων
735 4341 781 4411 ὢν
802 4339 925 4433 ἠγόμην
941 4346 1074 4432 γυναῖχ’,
1096 4369 1159 4433 qua
1182 4366 1273 4410 occu-
