3090 5138
724 431 766 496 25

200 615 292 681 uncis
325 615 485 680 inclusum
517 615 643 680 addidit
672 641 703 680 v.
726 615 796 683 268.
839 617 908 681 Hoc
945 617 1105 683 scholium
1136 617 1222 681 enim
1258 613 1297 680 ad

198 748 227 788 v.
248 726 318 808 173,
343 725 432 790 unde
464 726 603 790 trimetri
635 725 764 791 iambici
787 727 1018 810 exordiuntur,
1060 726 1228 814 pertinere
1263 735 1299 789 ut

200 833 280 899 inde
305 835 456 900 concludi
480 845 623 923 poterat,
648 837 734 919 quod
761 836 934 902 scholiasta
957 836 1104 901 Venetus
1125 836 1216 900 ad-v.
1239 836 1300 900 154

198 943 437 1030 anapaestieum
470 953 595 1008 tantum
633 954 795 1028 systema,
830 944 975 1009 Aldinae
1010 967 1089 1010 vero
1124 945 1313 1010 scholiasta,

125 1077 130 1082 ·
199 1052 297 1118 etiam
319 1061 446 1140 septem
467 1053 520 1138 qui
538 1063 690 1118 secuntur
709 1053 867 1118 iambicos
880 1055 1045 1120 trimetros
1067 1053 1308 1141 descripserat,

201 1161 245 1226 ita
267 1161 528 1226 luculentissime
550 1160 627 1225 inde
648 1171 793 1249 apparet,
817 1162 903 1246 quod
926 1164 951 1226 si
973 1185 1108 1228 numero
1128 1163 1187 1226 172
1204 1162 1298 1226 addis

200 1291 370 1338 numerum
391 1265 457 1355 ρκς’
482 1291 655 1343 numerum
670 1271 731 1335 298
754 1262 858 1336 efficis
879 1271 899 1336 i.
919 1294 945 1336 e.
966 1272 1034 1338 eius
1055 1295 1170 1338 versus
1187 1293 1298 1357 nume·

200 1403 283 1462 rum,
311 1379 365 1466 qui
388 1379 522 1445 ultimus
546 1389 659 1445 estex
683 1381 732 1444 his
757 1380 916 1465 iambicis,
937 1381 991 1447 καὶ
1014 1375 1187 1466 νησιώτας·
1212 1380 1298 1464 δεῦρ’

201 1484 242 1554 ἴτ’
268 1475 296 1553 ὦ
318 1483 441 1566 πάντες
463 1484 542 1554 λεών
582 1488 633 1554 Ex
656 1490 704 1554 his
728 1512 809 1574 quae
838 1493 973 1578 exposui
1002 1491 1209 1558 scholiastam
1232 1490 1300 1555 Ve-

201 1608 314 1662 natum
333 1597 359 1663 si
381 1598 613 1685 interpretatus
632 1598 706 1674 eris,
730 1599 903 1684 intelleges
927 1622 999 1664 eum
1020 1601 1143 1682 testari,
1166 1598 1299 1683 antiquo

201 1707 310 1792 aliquo
335 1717 481 1795 tempore
504 1707 537 1771 in
562 1707 730 1772 codicibus
755 1709 945 1792 quibusdam
969 1719 1044 1794 post
1065 1732 1094 1773 v.
1116 1709 1179 1774 223
1201 1707 1300 1774 exsti·

201 1817 279 1882 tisse
307 1811 468 1900 solidator
499 1811 574 1881 τόδε
609 1815 660 1900 ,ri
684 1819 796 1904 prust,
827 1827 900 1904 post
924 1840 953 1878 v.
974 1817 1034 1880 ⁴261
1063 1811 1139 1881 τόδε
1163 1811 1215 1902 ,iri
1238 1810 1299 1902 l'l·“

203 1926 272 1991 lam
295 1927 383 2011 quod
396 1927 506 2014 priore
529 1927 603 1992 loeo
619 1947 690 1992 sese
712 1927 875 1991 invenisse
899 1926 1008 2008 tradit,
1027 1925 1202 1990 dummodo
1219 1947 1299 2012 φησι

204 2038 237 2101 in
260 2060 326 2124 φης
347 2046 520 2118 mutemus,
554 2036 683 2124 optime,
707 2035 843 2123 quadrat
875 2036 909 2099 in
933 2034 1164 2122 Aristophanis
1189 2035 1298 2100 verba.

155 2199 157 2205 .
203 2145 362 2214 Similiter
392 2146 478 2210 enim
505 2156 597 2210 extra
620 2167 750 2211 versum
774 2143 806 2209 τί
828 2139 912 2234 φής;
938 2143 1187 2227 interrogationi
1209 2164 1297 2232 prac-

204 2255 338 2319 missum
373 2263 422 2318 est
452 2253 539 2320 Nub.
559 2254 621 2319 235
643 2253 675 2318 εί
697 2249 776 2341 φής,·
799 2250 817 2341 ἦ
840 2252 976 2340 φροντὶς
997 2248 1081 2317 ἕλκει
1104 2247 1162 2339 τὴν
1193 2246 1298 2336 ὶκιιάι1

204 2360 251 2440 εἰς
270 2358 311 2426 τὰ
331 2358 496 2448 aderitum
518 2374 550 2426 et
573 2363 634 2450 Eq.
661 2365 741 2427 13411
765 2363 797 2427 εἰ
818 2357 903 2450 φὴςς
928 2360 1021 2426 ταυτί
1041 2362 1073 2444 μ’
1100 2357 1214 2447 ἔδρων,
1239 2356 1300 2446 ἐγώ

203 2469 239 2536 δὲ
262 2471 349 2536 τοῦτ’
374 2462 432 2535 οὐκ
459 2462 629 2560 ᾐσθόμην,Ι
655 2472 738 2538 Cum
761 2475 862 2548 ποῖος
885 2493 963 2534 rere
987 2469 1195 2560 coniunctum
1217 2470 1302 2556 logi-

181 2575 184 2578 ’
205 2589 259 2644 tur
280 2578 433 2664 τίλέγεις
454 2575 510 2658 σύ,·
531 2581 583 2644 vel
598 2579 631 2644 τί
653 2575 692 2646 ud
715 2579 832 2665 λέγειςς
857 2580 957 2667 Vesp.
976 2579 1056 2642 1378
1070 2577 1103 2644 τί
1125 2576 1228 2664 λέγεις
1242 2574 1301 2656 ata·

204 2695 304 2767 ποῖος
324 2679 417 2772 iibere
439 2698 471 2754 et
494 2689 555 2756 Av.
580 2690 661 2754 1233
686 2688 719 2752 τί
740 2684 779 2754 ori
809 2687 929 2774 λέγεις,·
963 2685 1075 2766 ποίοις
1108 2691 1222 2766 decis,¹
1246 2693 1300 2754 IP.

202 2796 365 2876 ποίοισιν,·
386 2793 463 2885 ἡμῖν
485 2801 557 2875 τοῖς
578 2797 612 2862 ἐν
633 2789 760 2884 οὐρανῷ
784 2802 891 2875 θεοῖς.
936 2797 1019 2863 Cum
1041 2796 1144 2881 igitur
1163 2794 1196 2860 τί
1217 2791 1301 2886 φής,·

204 2904 251 2984 εἰς
271 2910 392 2985 molor,
414 2907 547 2971 minime
571 2909 610 2972 ab
633 2907 861 2994 Aristophanis
884 2905 1013 2971 dicendi
1036 2929 1094 2970 usu
1118 2905 1302 2990 abhorreat,

203 3015 289 3082 idem
313 3036 392 3080 vero
426 3024 489 3078 tam
517 3015 676 3100 exquisite
703 3015 827 3080 dictum
859 3014 911 3098 sit,
934 3023 968 3077 ut
992 3014 1047 3078 vix
1070 3012 1175 3078 videri
1199 3015 1302 3100 possit

203 3125 242 3188 ab
266 3124 375 3188 aliena
397 3147 494 3188 manu
516 3124 660 3188 additum
683 3145 765 3207 esse,
789 3147 855 3188 uon
874 3123 987 3188 dubito
1011 3124 1091 3210 quin
1113 3146 1156 3188 ex
1180 3123 1301 3210 ignotis

203 3233 270 3298 illis
295 3232 462 3298 codicibus
485 3231 518 3297 τί
542 3227 607 3321 φής
617 3259 627 3312 ,·
659 3232 882 3318 recipiendum
904 3232 953 3297 sit.
998 3231 1045 3298 Eo
1070 3232 1175 3297 minus
1209 3232 1301 3298 dubi·

201 3342 262 3406 tari
291 3352 416 3429 potest,
450 3343 526 3428 quin
555 3343 651 3446 etiarp
677 3343 763 3428 quod
789 3342 830 3406 de
853 3338 885 3429 ἰὴ
907 3335 939 3428 ἰή
962 3342 1138 3407 scholiasta
1164 3343 1301 3407 tradidit

203 3451 243 3515 ad
270 3454 389 3516 bonum
414 3453 538 3516 fontem
559 3451 689 3517 redeat
724 3455 775 3517 Ac
798 3461 969 3539 postquam
993 3452 1147 3517 Polemus
1171 3450 1304 3538 Cydae-

203 3583 292 3624 mum
327 3560 419 3625 iussit
450 3559 609 3647 pistillum
644 3562 683 3626 ab
710 3560 969 3626 Atheniensibus
1003 3568 1138 3647 petere,
1174 3570 1301 3625 terrore

205 3679 386 3736 commotus
420 3670 592 3756 Trygacus
615 3671 794 3736 rectissime
827 3670 1009 3734 exclamare
1040 3669 1170 3735 videtur
1196 3665 1227 3756 ἰὴ
1259 3664 1302 3756 ἰή.

150 3847 156 3857 ,
205 3781 297 3862 Quae
323 3801 399 3844 vero
424 3779 486 3844 hoe
511 3781 584 3844 loeo
614 3780 789 3845 metuentis
819 3779 915 3844 simul
945 3789 977 3843 et
1001 3779 1154 3864 dolentis,
1185 3779 1302 3844 eadem

202 3887 385 3952 interiectio
407 3911 437 3953 v.
462 3890 523 3954 195
544 3889 738 3972 cavillantis,
761 3911 790 3952 v.
809 3890 872 3954 455
893 3888 975 3953 adeo
999 3888 1174 3954 exultantis
1199 3897 1259 3954 est.

304 3995 350 4064 Ut
371 3997 472 4082 igitur
496 3998 536 4062 ad
559 3999 762 4084 propositum
784 3998 967 4081 redeamus,
983 3999 1064 4064 Ran.
1078 3999 1117 4061 bl
1141 3997 1211 4063 sine
1235 3997 1302 4062 ulla

203 4104 403 4171 dubitatione
426 4129 555 4172 meeum
580 4108 724 4173 scribes:
1207 4099 1208 4104 ἵ
1245 4117 1247 4125 ⁴

285 4205 353 4279 ἀλλ’
376 4206 513 4299 ἀνδρός,Ι
532 4255 570 4263 --
586 4199 761 4283 ananei.
783 4256 822 4264 —
838 4217 1003 4304 ξυνεγένου
1024 4220 1078 4304 τῷ
1098 4215 1304 4284 Κλεισθένει.

304 4324 365 4389 Ηίε
390 4325 515 4393 duobus
538 4337 608 4391 erat
630 4351 693 4416 quo
717 4338 865 4416 tempore
890 4327 979 4394 aliud
1004 4323 1194 4416 exemplum
1214 4327 1300 4392 adici
