3090 5138
719 507 761 574 s·

184 693 323 780 primum
347 701 493 780 apparet,
518 717 576 775 μοι
592 701 667 758 unte
682 694 791 772 δοκεῖς
814 717 906 760 suum
929 695 1037 760 Iocum
1060 717 1125 760 non
1141 693 1279 776 hebere;
1333 677 1347 700 '

184 802 241 866 scd
262 823 305 866 ne
329 795 413 886 ὅπερ
437 800 579 887 quidem,
604 801 690 886 quod
715 802 816 868 miror
842 811 874 868 et
890 803 1057 868 Meinekio
1081 810 1114 868 et
1134 802 1282 888 Bergkio

186 911 361 998 placuisse,
384 912 464 976 ferri
488 918 604 998 potest.
648 911 787 978 Prorsus
813 913 898 978 enim
920 911 1066 977 inaudita
1089 921 1138 977 cst
1161 921 1193 976 e't
1213 912 1283 1000 ipse

186 1020 280 1084 huius
305 1019 456 1085 vocabuli
477 1029 592 1085 nutura
616 1021 749 1086 excluso
771 1016 855 1107 ὅπερ
876 1021 1006 1086 relativi
1027 1019 1227 1108 pronominis
1249 1018 1283 1084 in
1334 997 1360 1081 d

182 1128 408 1216 intorrogativi
429 1130 537 1194 locum
559 1129 754 1196 substitutio.
794 1131 867 1196 Nec
889 1130 1073 1198 Meinekius
1094 1137 1157 1194 nec
1177 1128 1281 1213 Berg-

182 1239 256 1304 kius
280 1237 439 1302 dubitavit
463 1237 562 1326 Vesp.
588 1239 649 1302 796
670 1261 712 1304 ex
732 1239 922 1304 Rauennate
943 1239 1072 1304 Veneto
1087 1237 1281 1305 Florentino

183 1353 212 1411 λ’
231 1369 290 1434 pro
316 1341 396 1434 ὁρᾷς
418 1341 562 1431 ὅσονπερ
594 1349 660 1412 κτλ.
683 1339 844 1435 reponere
869 1341 948 1434 ὁρᾷς
977 1342 1056 1412 ὅσον
1086 1347 1149 1414 καὶ
1183 1349 1282 1422 τοῦτο

182 1456 263 1542 δῆτα
303 1455 470 1540 κερδανεῖς
513 1465 545 1520 et
578 1455 640 1543 Eq.
667 1457 727 1520 727
761 1456 909 1521 codicum
944 1457 1123 1545 scripturae
1160 1447 1282 1540 οἷάπερ

181 1559 353 1650 ὑβρίζομαι
374 1565 522 1630 Elmslcii
548 1565 807 1630 emendationem
831 1556 887 1632 oio
909 1566 1159 1650 περιυβρίζομαι
1185 1587 1280 1653 proe-

181 1675 270 1738 fcrre
285 1673 321 1756 ¹).
344 1674 407 1738 Av.
420 1673 481 1736 437
504 1653 583 1737 vcro
601 1669 640 1739 οὐ
666 1672 701 1738 δὲ
722 1668 830 1739 τούσδ’
857 1673 908 1759 ἐφ’
933 1665 1054 1759 οἷοιιερ
1076 1678 1148 1752 τοῖς
1170 1669 1280 1759 λόγοις

110 1839 117 1844 .
180 1781 319 1864 σονὲλεξ
342 1777 403 1867 ἐγώ
429 1777 569 1870 φράσον,
607 1781 738 1864 δίδαξον
772 1783 944 1870 quominus
973 1782 1014 1847 de
1044 1783 1281 1869 interrogative

182 1883 303 1974 οἷσπερ
316 1891 516 1978 pronominis
531 1892 766 1978 significatione
780 1893 914 1978 cogites,
931 1893 1005 1957 sutis
1019 1893 1190 1979 impediris
1210 1897 1282 1972 τοῖς
1340 1887 1342 1892 ’

183 1999 319 2064 articulo
332 1997 453 2062 addito.
475 1999 552 2063 Iure
572 1997 673 2081 igitur
685 1998 719 2061 in
730 1999 926 2064 Ravennatis
938 1999 1098 2063 etVencti
1119 2001 1282 2066 communi

182 2107 340 2194 scriptura
372 2105 579 2170 offendimus.
637 2105 760 2171 Contra
779 2106 813 2172 in
834 2107 1037 2192 reliquorum
1062 2107 1213 2174 codicum
1234 2109 1279 2174 le·

184 2215 291 2279 ctione·
319 2222 391 2278 'non
422 2215 527 2278 solum
562 2213 644 2278 nihil
670 2215 765 2278 video
786 2215 874 2300 quod
896 2215 1094 2301 reprehendi
1120 2217 1221 2304 possit
1238 2253 1279 2269 -·-

182 2324 325 2390 conferri
348 2332 457 2410 potest
483 2323 548 2388 Av.
561 2324 623 2388 804
647 2315 736 2390 οἷσθ’
762 2309 788 2410 ᾦ
808 2318 935 2406 μάλιστ’
961 2321 1070 2403 ἔοικας
1091 2324 1280 2411 ἐπτερωμέ-

185 2573 282 2650 ῥώμην
298 2597 340 2648 γρ.
359 2572 483 2649 γνώμην,
502 2575 553 2630 Αν.
567 2579 601 2631 23
614 2577 647 2630 R.
665 2569 717 2645 ἧδ’,
737 2577 769 2632 V.
785 2573 852 2642 οὐδ’,
873 2583 898 2630 Γ
912 2572 956 2645 ἥδ’
973 2596 1016 2647 γρ.
1034 2579 1080 2629 καὶ
1098 2571 1166 2638 οὐδ’,
1186 2595 1213 2632 v.
1226 2580 1279 2633 318

184 2673 217 2730 R.
236 2670 371 2746 ἀφῖχθον,
391 2673 424 2727 V.
443 2669 584 2745 depluunt-⁵,
604 2668 766 2744 Γᾶφῖχθον
785 2691 827 2744 γρ.
846 2669 988 2744 ἀφίκανεν.
1027 2672 1131 2726 Contra
1148 2672 1200 2742 Eq.
1213 2677 1281 2729 1039

182 2841 216 2894 V.
238 2836 279 2905 ὃν,
298 2839 331 2893 R.
352 2836 409 2904 τὸν,
426 2846 451 2894 Γ
468 2835 501 2894 ὃν
518 2859 560 2910 γρ.
579 2835 636 2904 τὸν,
656 2839 694 2892 ib.
712 2837 745 2893 V.
760 2833 894 2910 φύλασσε,
920 2838 952 2892 R.
970 2832 1095 2910 φύλαξαι,
1115 2847 1139 2893 Γ
1155 2773 1282 2913 pernicii

180 2955 206 2991 v.
220 2940 288 2991 1110
306 2935 337 2992 V.
357 2930 418 3004 ἤδη,
429 2937 462 2990 R.
483 2943 556 3004 εἴσω,
574 2930 660 3004 riou
680 2955 720 3006 γρ.
742 2942 815 3003 εἴσω,
834 2937 940 2990 v.1256
960 2935 992 2989 V.
1011 2940 1145 3008 γένωμαι,
1164 2937 1196 2992 R.
1215 2940 1278 2994 ἔσο·

178 3052 239 3103 μαι,
259 3039 284 3085 Γ
298 3035 421 3103 γένωμαι
446 3051 489 3102 γρ.
510 3033 619 3103 ἔσομαι.
665 3030 720 3086 Sed
744 3031 791 3100 qui
811 3031 885 3085 huno
913 3031 1037 3085 codIcem
1057 3029 1191 3097 exaravit,
1209 3033 1280 3089 Iibe-

179 3147 242 3182 rum
261 3129 315 3183 sibi
334 3145 458 3182 servasse
477 3127 610 3182 iudicium
620 3129 698 3183 velut
717 3146 752 3181 ex
765 3127 816 3196 Eq.
828 3127 878 3181 517
891 3127 986 3181 videre
1005 3128 1081 3193 licet,
1102 3129 1151 3183 ubi
1169 3129 1279 3184 Raven-

181 3243 231 3279 nas
249 3225 364 3280 'exhibet
383 3221 486 3296 ὀλίγοις
502 3219 583 3289 πάνυ,
603 3225 726 3279 Venetus
744 3219 846 3294 ὀλίγοις
864 3217 925 3291 ἤδη,
943 3231 968 3277 Γ
979 3241 1069 3292 neque
1091 3219 1165 3280 πάνυ
1178 3231 1280 3296 'neque

179 3315 231 3389 ἤδη
251 3321 368 3391 recepit,
387 3321 496 3375 saniore
521 3319 698 3376 hauddubie
717 3320 821 3373 iudicio
848 3337 915 3373 usus
934 3338 1018 3388 quam
1047 3322 1102 3390 quo
1120 3321 1146 3374 K
1153 3323 1279 3378 eckius

179 3419 261 3488 (Mus.
280 3419 368 3472 Rhen.
380 3417 445 3473 VIII
463 3435 490 3487 p.
502 3417 564 3488 501)
583 3418 729 3486 utriusque
746 3417 849 3471 codicis
863 3416 1036 3471 IecIIonibus
1055 3418 1211 3473 coniunctis
1230 3420 1280 3475 de·

177 3518 335 3568 monstrare
354 3519 470 3570 conotus
490 3519 534 3568 est
553 3514 734 3570 scribendum
752 3531 831 3567 esse:

277 3619 386 3673 πολλῶν
405 3619 430 3671 d‘
451 3615 535 3686 αὐτὴν
552 3614 743 3690 πειρασάντων
760 3617 864 3690 ὀλίγοις
880 3615 973 3676 πάνυ
992 3619 1032 3690 δὴ
1047 3613 1231 3693 χαρίσασθαι.

276 3723 348 3777 Nam
366 3723 441 3792 quod
458 3723 487 3777 in
506 3705 649 3780 codicibus
674 3730 740 3794 post
758 3727 868 3780 πολλῶν
896 3725 1002 3796 legItur
1019 3723 1073 3797 γὰρ
1091 3743 1207 3796 prorsus
1225 3744 1279 3782 ne-

178 3820 330 3873 cessarium
348 3838 408 3874 esse
426 3839 483 3875 non
495 3821 610 3875 difficile
627 3827 670 3876 est
690 3822 725 3875 od
738 3823 969 3891 intellegendum,
988 3819 1022 3891 δὴ
1042 3839 1109 3877 vero
1128 3827 1193 3892 post
1211 3825 1279 3876 πολ-

177 3916 232 3968 λῶν
249 3933 283 3968 ex
294 3915 490 3986 Aristophanis
509 3917 621 3972 dicendi
636 3935 689 3971 usu
703 3918 857 3971 rectissime
873 3917 998 3971 additum
1013 3922 1056 3971 est
1075 3918 1109 3973 cf.
1121 3921 1182 3973 596.
1202 3918 1277 3972 Plut.

177 4014 239 4064 253.
263 4013 297 4064 cI.
334 4012 458 4066 Maxime
479 4029 545 4066 vcro
564 4031 596 4066 ex
615 4018 704 4082 parte,
722 4031 780 4068 non
798 4017 892 4067 totum
913 4014 987 4068 hunc
1006 4012 1132 4068 codicem
1150 4032 1185 4068 ex
1203 4015 1279 4084 opti-

174 4105 227 4159 mis
248 4109 431 4176 compilatum
449 4127 510 4163 esse
529 4109 596 4174 dixi,
616 4109 681 4178 quia
700 4114 765 4163 sunt
783 4127 854 4178 quae
881 4111 917 4164 ad
937 4115 1066 4164 neutrum
1086 4110 1191 4165 referre
1212 4129 1279 4180 pos-.

177 4204 225 4256 sis.
262 4202 380 4258 Omnino
401 4205 429 4258 in
447 4205 521 4260 hunc
541 4205 666 4260 codicem
684 4203 847 4274 diligentius
865 4205 1061 4275 inquirendum
1079 4207 1142 4260 crit.

279 4299 304 4368 1)
327 4299 417 4352 Simili
436 4299 505 4352 vitio
524 4301 634 4354 laborat
652 4300 736 4369 Soph.
758 4299 789 4352 0.
809 4300 842 4353 R.
861 4303 913 4355 403
937 4299 1039 4354 παθὼν
1062 4301 1148 4370 ἔγνως
1166 4295 1202 4355 ἂν
1219 4295 1278 4356 οἷά·

176 4413 229 4466 περ
247 4401 373 4467 φρονεῖς,
393 4394 442 4448 ubi
461 4395 638 4450 scribendum
658 4400 701 4448 cst
722 4390 757 4448 οῖ’
778 4391 992 4468 ὑπερφρονεῖς.
1075 4382 1078 4387 ’
