3090 5138
787 441 905 506 16·

259 622 442 714 menippaea,
465 627 505 694 al.
523 627 548 708 ¹)
584 627 731 710 Quorum
762 629 989 716 exemplorum
1022 627 1234 694 similitudine
1258 626 1359 693 effici·

260 748 314 802 tur
339 738 435 802 etiam
464 736 548 802 Plut.
562 736 624 800 339
646 735 899 824 praeferendum
923 758 1004 819 ease,
1026 737 1115 820 quod
1137 738 1171 806 in
1192 736 1359 802 codicibus

258 846 400 932 legitur,
435 839 480 923 ῶς
512 843 664 932 ἐξαπίνης
694 836 794 931 ἀνὴρ
828 843 991 931 γεγένηται
1019 840 1189 930 πλούσιος,
1208 844 1360 928 Porsoni,

260 976 356 1043 quem
382 953 525 1018 editores
547 953 617 1018 fere
641 954 743 1018 secuti
768 963 853 1036 sunt,
886 949 976 1041 ἁνήρ.
1018 955 1133 1040 Itaque
1158 954 1254 1018 etiam
1279 943 1358 1039 ἀνὴρ

166 1091 169 1104 ·
258 1062 408 1147 μέγιστος
443 1065 543 1128 verba
578 1063 655 1126 satis
677 1072 743 1128 tuta
777 1085 848 1128 essc
869 1063 1023 1128 videntur
1044 1087 1062 1127 a
1085 1086 1182 1127 manu
1206 1061 1358 1127 emenda-

259 1173 350 1237 trice.
406 1171 481 1237 Non
502 1173 607 1236 minus
631 1193 714 1255 quae
736 1183 891 1238 secuntur
913 1169 987 1238 εἶπέ
1012 1182 1044 1236 ct
1065 1174 1139 1249 πῶς
1160 1167 1221 1256 s‘yci
1244 1180 1359 1258 utpote

260 1303 393 1366 prorsus
416 1281 608 1344 necessaria.
664 1279 786 1346 Contra
809 1283 973 1369 superflua
1006 1303 1077 1345 esse
1101 1281 1253 1345 videntur
1275 1302 1357 1367 quae

259 1390 455 1455 interiacent
478 1389 668 1472 prolatanti.
694 1390 844 1455 Fortasse
867 1391 969 1478 igitur
983 1389 1078 1454 scribi
1101 1401 1208 1478 potest
1227 1380 1359 1467 ὅντως

259 1491 353 1587 ἀνὴρ
377 1497 536 1583 μέγιστος,
582 1491 668 1566 Ἀλλ.
700 1497 795 1565 sind
823 1503 912 1578 πῶς
935 1494 995 1585 ἐγώ
1018 1501 1096 1564 κτλ..
1140 1500 1207 1568 Sed
1230 1521 1272 1564 ne
1295 1500 1358 1563 hoe

260 1608 391 1695 quidem
423 1609 577 1673 concedo.
634 1608 826 1674 Cavendum
859 1611 946 1674 enim
971 1618 1029 1690 est,
1063 1632 1104 1675 ne
1133 1619 1197 1674 tam
1226 1619 1357 1673 tenaces

259 1718 359 1782 simus
380 1717 551 1805 propositi,
586 1728 622 1782 nt
652 1720 780 1803 tyranni
805 1719 972 1784 cuiusdam
994 1718 1210 1808 potentissimi
1234 1728 1266 1781 et
1286 1743 1357 1784 cru-

260 1825 415 1890 delissimi
440 1827 535 1913 (quot
564 1827 649 1892 enim
682 1827 825 1916 perdidit
858 1828 1043 1892 criticorum
1067 1829 1185 1911 lususI)
1205 1826 1357 1892 instantis
1448 1828 1451 1834 ’

259 1936 367 2000 vultus
389 1958 449 2001 nos
473 1958 539 2000 non
563 1936 687 2021 quatiat
709 1945 817 2002 mente
837 1937 951 2022 solida,
974 1961 1068 2000 usum
1091 1936 1247 2021 loquendi
1273 1935 1356 2021 dico,

260 2045 314 2129 qui
337 2045 399 2109 hoc
422 2044 493 2108 loco
510 2053 598 2108 vetat
619 2065 661 2110 ne
677 2069 734 2128 μοι
756 2067 935 2132 pronomen
952 2045 1116 2111 eiciamus.
1160 2045 1225 2109 Per
1244 2067 1357 2109 omncs

259 2155 346 2218 enim
372 2153 603 2240 Aristophanis
636 2153 760 2217 fabulas
792 2153 979 2241 ubicunque
1001 2150 1075 2219 εἰπέ
1096 2154 1289 2218 vocabulum
1310 2153 1356 2217 in·-

260 2261 516 2348 tcrrogationem
539 2263 593 2326 vcl
614 2261 719 2348 ipsum
739 2261 862 2350 excipit
883 2272 919 2327 ut
941 2264 1017 2328 Pac.
1042 2263 1104 2326 210
1126 2266 1186 2327 τοῦ
1207 2263 1234 2327 δ’
1261 2262 1354 2344 εἵνεχ’

260 2366 342 2458 ἡμᾶς
362 2371 449 2436 ταῦτ’
475 2369 635 2456 ἔδρασαν;
660 2368 734 2438 εἰπέ
746 2397 814 2456 μοι,
838 2374 891 2436 vcl
909 2395 946 2437 ea
969 2372 1130 2460 excipitur
1144 2382 1180 2436 ut
1197 2373 1281 2437 Aah.
1294 2371 1356 2436 318

259 2477 334 2546 εἰπέ
355 2505 413 2564 μοι
433 2479 466 2544 τί
486 2479 572 2546 τοῦτ’
597 2471 729 2546 discatiat
761 2471 886 2559 τοῶντος
909 2509 966 2560 —·,·
986 2507 1044 2566 μοι
1065 2505 1245 2568 pronomen
1268 2481 1357 2546 addi·

259 2601 327 2654 tum
349 2600 397 2654 est
413 2589 451 2671 ²).
497 2589 592 2670 Quod
617 2614 691 2654 casu
714 2591 835 2656 factuni
857 2613 928 2655 csse
951 2615 1015 2656 non
1039 2592 1161 2679 potoris
1186 2591 1298 2657 dicere
1324 2591 1357 2657 in
1387 2593 1393 2600 ’

260 2699 477 2785 quadraginta
499 2699 570 2764 fere
594 2721 675 2784 quae
692 2701 841 2764 coniecta
864 2701 967 2766 habeo
981 2701 1142 2788 exemplis
1162 2699 1273 2787 neque¹
1291 2701 1357 2766 cui·

259 2830 355 2891 quam
386 2809 561 2896 probabis,
599 2811 651 2895 qui
681 2808 812 2894 quidem
836 2809 965 2874 noverit
996 2811 1155 2875 sermonis
1179 2812 1358 2876 communis

261 2916 486 2981 constantiam.
531 2917 647 3002 Neque
671 2917 765 2982 huius
794 2919 879 3004 legia
901 2919 950 2983 vis
981 2941 1018 2984 eo
1042 2921 1178 3003 levatur,
1202 2921 1288 3004 quod
1313 2921 1361 2986 bis

260 3025 344 3090 terni
367 3026 430 3090 loci
452 3026 512 3111 Eq.
526 3027 585 3092 109
609 3021 703 3110 εἴπ’,
727 3019 938 3111 ἀντιβολῶ,
960 3027 993 3092 τί
1017 3025 1104 3108 ἔστη
1126 3029 1168 3095 ib.
1184 3030 1243 3094 142
1264 3023 1360 3112 si'rr’,

259 3124 487 3216 ῶντιβολῶ,
522 3135 572 3214 τίς
603 3135 704 3216 docta·
738 3137 781 3202 ib.
806 3138 885 3204 1202
918 3133 1015 3222 εἴπ’,
1048 3131 1262 3223 ἀντιβολῶ,
1288 3143 1361 3219 πῶς

260 3237 439 3330 ἐπενόησας
461 3239 622 3328 ricardum,-
645 3254 677 3309 et
691 3245 777 3312 Nub.
790 3247 852 3312 900
868 3245 960 3314 εἰπὲ
981 3248 1022 3314 τί
1035 3253 1161 3329 necuim
1184 3251 1285 3337 Vesp.
1297 3249 1360 3315 293
1442 3235 1445 3241 ⁴

259 3345 344 3416 πάνυ
356 3353 383 3437 γ’
402 3339 431 3416 ai
442 3352 583 3433 παιδίον,
608 3347 674 3420 ἄλλ’
699 3353 793 3423 εἰπὲ
814 3357 856 3422 τί
875 3355 986 3442 βούλει
997 3384 1038 3443 με
1055 3359 1220 3445 πρίασθαι
1242 3356 1361 3440 acirim

213 3451 215 3456 ¹
260 3460 335 3525 Pac.
363 3461 422 3526 118
442 3458 519 3532 ,ἔστι
537 3486 569 3528 τι
590 3465 684 3530 τῶνδ’
708 3461 834 3550 ἐτύμως
857 3463 942 3532 εἴπ’
971 3455 998 3533 ai
1020 3464 1124 3554 πάτερ
1144 3463 1228 3536 εἴτι
1252 3471 1360 3559 φιλεῖς

258 3594 300 3653 με
322 3570 508 3658 excipiendi
541 3583 632 3656 sunt3
663 3575 711 3638 illi
738 3577 822 3640 enim
854 3600 925 3642 soso
956 3579 1017 3664 ipsi
1051 3589 1216 3664 exarmant,
1238 3579 1287 3644 his
1306 3604 1360 3668 pa·
1426 3601 1431 3608 ·

259 3679 343 3744 troni
368 3680 515 3744 existunt
528 3683 703 3770 anapaesti,
726 3685 833 3767 ionici,
857 3686 1048 3752 hexameter
1062 3688 1254 3774 dactylicus.
1274 3690 1357 3756 Nam

262 3787 327 3852 dici
350 3789 473 3876 nequit,
509 3802 665 3876 quantum
697 3793 794 3858 distet
816 3795 1039 3862 trimetrorum
1070 3821 1176 3863 sermo
1200 3823 1218 3874 a
1241 3810 1359 3864 metro-

264 3941 272 3948 ·
282 3944 285 3947 -
295 3942 456 3952 --———--.-..

362 4035 388 4094 1)
408 4032 447 4086 Cf.
469 3993 623 4102 Vesp.⁸923
645 4037 733 4090 κυνῶν
750 4031 882 4094 ἁπάντων
900 4033 1358 4116 ὄνῶρανμονοφαγίστατον.

360 4135 388 4206 2)
406 4135 458 4206 Eq.
477 4139 529 4190 741
550 4137 598 4191 ubi
616 4137 698 4207 vulgo
717 4142 780 4194 εἰπέ
795 4159 857 4223 νυν
874 4147 902 4196 τί
919 4144 1009 4214 dmin,-
1026 4146 1181 4215 legebatur,
1201 4150 1358 4204 rectissime

258 4229 381 4286 Kockius
411 4249 446 4286 ex
476 4232 644 4288 Ravennatis
672 4237 791 4291 lectione
810 4242 874 4293 εἰπέ
897 4245 965 4312 μοί
991 4259 1052 4296 νυν
1070 4245 1196 4314 reposuit
1213 4249 1357 4322 εἰπέμοι

258 4333 286 4383 τί
302 4329 384 4402 δρῶν.
