3090 5138
792 459 834 526 28

398 650 471 726 πῶς
490 643 545 735 airh·
568 647 664 737 φέρε
690 651 791 725 nuic·
815 685 852 694 -
875 638 1062 731 α’λεκτρϋών
1082 638 1298 730 κάλεκτρυών.

368 772 451 839 Cum
486 773 588 860 igitur
617 776 671 860 qui
706 775 850 862 quinqua
883 774 947 840 illis
979 775 1060 840 locis
1092 773 1180 841 ἔστιν
1201 774 1254 838 vel
1284 774 1368 840 ’στιν

268 883 484 971 scripserunt,
510 883 596 948 omni
630 884 856 969 exemplorum
878 907 952 972 ope
975 883 1121 949 destituti
1158 883 1223 950 sint
1248 887 1284 967 ¹),
1307 907 1366 950 nos

266 1014 356 1076 vcro,
380 993 434 1080 qui
455 991 519 1058 ἐστ’
545 1004 576 1058 et
599 983 665 1058 ’σθ’
699 991 909 1057 scribendum
932 991 1099 1075 ducimus,
1133 1015 1188 1059 eos
1219 994 1309 1060 locos
1333 993 1366 1058 in

271 1111 381 1190 partes
401 1124 520 1167 vocare
544 1101 715 1190 possimus,
737 1101 793 1166 nbi
816 1101 952 1167 aliorum
976 1103 1208 1168 vocabulorum
1234 1102 1366 1168 ultimae

267 1211 415 1297 syllabae
431 1211 464 1277 in
482 1211 544 1276 line
559 1211 868 1298 interrogativorum
892 1213 1132 1279 enuntiatorum
1159 1212 1259 1278 elisae
1279 1221 1365 1294 sunt,

265 1330 300 1384 ut
326 1321 488 1387 Plut.132
507 1320 558 1400 τίς
580 1307 637 1386 οὖν
655 1317 673 1386 ὁ
693 1321 845 1405 παρέχων
868 1321 954 1388 ἐστὶν
975 1314 1064 1409 αὐτῷ
1085 1321 1224 1401 noia‘l’3
1249 1317 1366 1404 -ὁδί,

266 1430 511 1496 concedendum
535 1426 797 1516 est,Reisigii1m
831 1455 897 1497 non
921 1431 1096 1515 detexisse,
1129 1454 1225 1517 quam
1255 1432 1366 1517 legem

266 1539 506 1625 Aristophanes
532 1539 591 1605 sibi
622 1541 692 1628 ipse
726 1540 906 1627 scripserit,
938 1525 995 1607 sed
1023 1541 1123 1606 invito
1158 1541 1365 1630 imposuisse.

266 1646 318 1713 Ne
341 1670 419 1714 vero
442 1648 580 1731 mireris,
604 1673 668 1715 non
690 1651 801 1737 plures
824 1673 894 1716 csse
917 1651 1018 1733 locos,
1038 1650 1094 1715 ubi
1119 1649 1205 1738 ἒρτὶν
1227 1651 1366 1738 copulae

264 1756 381 1822 ultima
405 1757 485 1840 elisa
507 1758 565 1842 sit,
586 1758 619 1822 id
650 1759 754 1846 ipsum
780 1769 895 1848 reputa
918 1759 1014 1824 etiam
1044 1759 1078 1824 in
1101 1759 1172 1824 eliis
1196 1761 1365 1825 vocabulis

266 1886 325 1951 per
354 1885 465 1930 omnes
496 1866 726 1952 Aristophanis
758 1867 885 1932 fabulas
918 1869 959 1933 ad
992 1892 1154 1934 summum
1186 1868 1287 1933 vicies
1319 1871 1363 1934 fa-

265 1985 355 2040 ctum
379 1996 461 2040 esse.

368 2236 393 2306 1)
412 2232 478 2291 Noli
503 2238 664 2292 desiderare
689 2238 771 2308 Vesp.
802 2240 869 2294 1369
898 2240 954 2292 τῶν
980 2239 1127 2310 ξυμποτῶν
1149 2241 1290 2307 κλέψαντα
1296 2263 1305 2304 ,-
1337 2270 1365 2278 -

264 2337 372 2386 ποίαν
398 2327 561 2402 «lincolam
586 2331 667 2402 quem
697 2351 808 2387 versum
832 2337 997 2402 corruptum
1022 2350 1083 2386 esse
1112 2350 1168 2387 non
1197 2337 1256 2386 tam
1284 2331 1367 2387 huius

264 2427 418 2498 elegantiae
445 2428 514 2498 legis
534 2429 648 2483 violatio
667 2430 761 2499 arguit
784 2445 865 2496 quam
880 2434 965 2482 ποίαν
981 2428 1154 2498 pronominis
1171 2429 1368 2499 interrogativi

264 2522 367 2592 prioris
387 2521 512 2592 syllabae
533 2524 683 2593 correptio,
714 2541 784 2592 quae
809 2541 843 2576 ex
873 2540 928 2592 quo
956 2523 1055 2578 Aesch.
1076 2524 1242 2594 Supplfllll
1261 2542 1313 2594 pro
1332 2525 1363 2578 la

264 2625 368 2673 ποίου
389 2616 567 2692 φρονήματος
594 2621 697 2690 legitur
716 2621 865 2680 ἐκτίνος
894 2640 942 2691 φρ.
959 2619 1034 2673 omni
1054 2622 1245 2690 exemplorum
1264 2621 1364 2676 simili-

265 2716 362 2770 tudine
382 2717 519 2771 destituta
540 2721 593 2770 esi.
631 2717 774 2785 Quomodo
793 2719 980 2772 emendandus
999 2718 1036 2772 sit
1049 2718 1096 2772 hie
1117 2736 1222 2782 versus,
1242 2719 1366 2774 dubitari

267 2815 377 2882 potesl3
396 2813 445 2866 sed
464 2813 577 2882 quinat
603 2815 677 2883 quod
695 2815 813 2868 Florens
833 2815 1008 2870 Christianus
1029 2816 1125 2884 (naim
1142 2811 1288 2886 αὐλητρίδα
1295 2820 1314 2882 ,·)
1336 2821 1365 2870 al

264 2909 339 2978 quod
359 2908 514 2962 Meinekius
533 2910 711 2965 scribendum
730 2911 877 2980 proposuit
895 2910 968 2980 (τὴν
985 2907 1130 2982 αὐλητρίδα
1138 2912 1166 2979 ς),
1190 2913 1226 2966 ab
1253 2913 1365 2968 Aristo-

263 3004 362 3074 phanis
382 3005 583 3062 consueludine
607 3005 766 3070 abhorreat,
788 3023 845 3060 non
863 3007 969 3076 poterit
987 3007 1117 3062 dubitari.
1163 3008 1233 3061 Mihi
1251 3009 1364 3063 videtur

263 3100 328 3154 inde
347 3099 581 3169 proficiscendum
600 3119 668 3166 csse,
688 3103 762 3170 quod
781 3104 810 3158 in
828 3103 881 3157 hoc
910 3122 992 3158 versu
1011 3103 1081 3158 nihil
1101 3107 1153 3169 est,
1172 3104 1247 3173 quod
1264 3121 1364 3175 repre-

262 3195 346 3249 hendi
366 3197 464 3265 possit,
485 3197 558 3251 abici
577 3216 643 3252 vero
663 3199 738 3252 salva
757 3200 897 3254 sententia
915 3217 1001 3253 unum
1019 3204 1116 3270 polest
1133 3197 1280 3272 αὐλητρίδα
1297 3219 1361 3256 ver·
1419 3259 1421 3264 ,

264 3292 338 3356 bnm,
357 3293 432 3362 qnod
449 3292 523 3347 idem
543 3295 624 3350 facile
642 3313 677 3350 ex
695 3297 832 3366 proximis
849 3297 1000 3366 repetitum
1011 3298 1054 3350 vel
1068 3297 1104 3351 ad
1122 3297 1365 3367 interpretandum

262 3387 435 3458 adscriptum
455 3407 514 3444 esse
540 3407 623 3459 posse
652 3392 741 3460 quivis
760 3393 904 3446 concedet.
941 3393 999 3446 Iam
1019 3392 1092 3446 enim
1112 3393 1170 3446 sina
1190 3394 1359 3448 temeritatis

263 3483 332 3538 vitio
350 3485 403 3540 hoc
429 3485 565 3540 vocabulo
593 3487 707 3556 expulso
733 3487 805 3542 hane
831 3506 928 3542 versus
946 3493 1055 3558 partem
1074 3494 1105 3542 ut
1123 3507 1238 3559 prorsus
1256 3489 1365 3544 firmam

262 3599 295 3636 aa
314 3583 406 3636 tutam
425 3586 564 3636 statuere:

395 3682 450 3736 τῶν
468 3683 614 3754 ξυμποτῶν
635 3686 790 3752 alemonam
811 3714 843 3721 -
863 3687 954 3736 Ποίαν
978 3711 1012 3720 -
1032 3703 1046 3734 υ
1065 3713 1098 3722 -

263 3779 292 3830 el
311 3777 446 3831 relicuam
464 3783 574 3848 partem
593 3780 719 3848 quolibet
737 3780 841 3833 cretico
866 3779 910 3833 vel
937 3779 1075 3847 dactylico
1095 3778 1230 3834 vocabulo
1250 3779 1362 3848 explere

264 3890 420 3942 possumus.
456 3875 548 3944 Atque
568 3893 620 3946 ego
639 3875 751 3946 quidem
769 3878 895 3944 suspicor
913 3876 1118 3942 adlocutionem
1136 3875 1276 3929 interiisse
1294 3893 1364 3944 qua-

262 3967 301 4021 les
315 3968 367 4022 has
379 3973 457 4024 sunl:
477 3962 594 4040 ὦλεθρε,
615 3963 712 4040 ᾠζυρέ,
734 3961 754 4022 oi
773 3965 873 4040 φθόρε,
893 3962 914 4023 ai
932 3975 1007 4043 μέλε,
1028 3963 1049 4025 ὦ
1069 3965 1160 4035 τάλαν,
1178 3971 1219 4024 ita
1233 3977 1265 4025 nt
1283 3988 1307 4025 e.
1323 3989 1366 4040 gr.

261 4070 338 4119 tolus
357 4081 454 4119 versus
473 4067 636 4122 scribendus
656 4068 706 4122 sit:

410 4163 465 4216 τῶν
482 4165 627 4235 ξυμποτῶν
643 4166 802 4234 alaparum
822 4195 853 4203 —
875 4171 967 4230 ποίαν,
988 4156 1147 4236 ὦλεθρε,-

261 4257 297 4311 cl.
327 4262 354 4311 τί
379 4257 419 4320 ‹l',·
445 4253 506 4329 οὐχὶ
535 4266 701 4332 πειθαρχεῖν
729 4279 765 4330 με
784 4267 840 4320 τοῖς
858 4257 969 4332 νόμοισι
990 4262 1046 4326 δεῖς
1077 4292 1104 4300 -
1127 4265 1256 4326 ποίοισιν,
1275 4253 1297 4316 ni
1316 4256 1364 4316 ‹li-

262 4368 357 4421 πηνα·
373 4382 407 4396 -
426 4341 480 4415 lois
500 4356 688 4429 δεδογμένας.
