3090 5138
783 427 822 492 12

254 604 365 680 dcxciv
385 610 470 701 ὑγιὲς
493 615 526 681 ἐν
547 619 594 702 τῷ
618 619 673 681 νῦν
696 613 767 682 ἔτι.
810 616 891 682 Tam
914 617 1098 705 praeclaras
1131 616 1288 682 lectiones
1312 615 1353 680 ad

256 723 408 808 eundem,
431 749 494 813 quo
516 747 700 812 perversas,
722 729 847 792 fontem
871 726 1061 790 referendas
1085 747 1156 790 esse
1179 725 1258 789 mihi
1278 747 1350 812 per·

256 832 394 896 suadere
421 857 487 897 non
518 855 660 920 possum,
684 834 729 898 ita
752 843 787 898 ut
817 836 912 898 etiam
938 833 1045 918 magis
1075 833 1151 898 mihi
1184 834 1354 922 probetur,

255 950 386 1028 praeter
402 942 600 1010 Ravennatis
622 953 653 1007 et
674 943 872 1008 deteriorum
894 943 1044 1007 codicum
1066 943 1264 1030 archetypos
1289 966 1355 1008 uon

257 1074 359 1115 unum
381 1051 437 1116 sed
457 1053 538 1117 duos
554 1052 676 1116 Veneti
699 1053 799 1118 luisse
817 1055 934 1134 fontes,
958 1075 1056 1118 unum
1081 1053 1185 1118 infimi
1207 1052 1354 1139 generis,

256 1161 394 1224 alterum
412 1160 573 1254 optimum
595 1172 627 1226 et
648 1161 827 1226 cx·altiore
851 1162 1037 1247 ct‘puriore
1060 1163 1152 1226 fonte
1178 1161 1353 1228 deductum

257 1271 328 1358 ipso
349 1271 546 1352 Ravennate.
582 1269 721 1336 sivero
745 1271 862 1335 mirum
889 1271 945 1336 tibi
969 1271 1109 1352 videtur,
1134 1295 1234 1336 unum
1259 1271 1354 1336 libra·

257 1380 341 1444 rium
364 1389 516 1464 quattuor
547 1381 677 1445 codices
709 1381 794 1445 inter
817 1403 851 1446 se
875 1380 1112 1446 diversissimos
1135 1381 1355 1468 usurpavisse,

260 1489 318 1553 tibi
341 1511 469 1554 sumere
490 1489 575 1573 licet,
599 1489 704 1556 fontes
725 1490 800 1555 illos
819 1514 885 1555 nou
902 1515 965 1554 una
979 1489 1124 1578 undique
1145 1490 1355 1572 confluxisse,

260 1598 318 1662 sed
334 1597 429 1662 binos
447 1621 518 1664 sese
535 1599 788 1682 commiscuisse,
809 1599 859 1663 his
881 1600 1008 1664 duobus
1025 1599 1208 1687 compilatis
1224 1598 1355 1664 demum

262 1707 430 1773 codicibus
463 1710 595 1774 tertium
628 1709 792 1773 Venetum
821 1710 971 1774 effectum
1005 1731 1087 1774 esse.
1132 1709 1215 1776 Cum
1248 1719 1356 1773 autem

159 1883 162 1894 ,
259 1815 299 1912 dp
321 1816 371 1882 bis
395 1818 492 1882 rebus
527 1818 609 1881 nihil
641 1819 773 1883 omnino
797 1818 874 1883 sciri
898 1819 1021 1905 possit,
1043 1827 1187 1904 praestat
1208 1819 1357 1901 fortasse,

259 1926 347 2011 quod
380 1927 654 2014 simplicissimum
678 1937 711 1992 et
732 1930 846 1994 sinon
877 1927 917 1992 ad
950 1927 1215 2016 persuadendum
1247 1936 1357 1992 tamen

260 2035 301 2100 ad
324 2035 570 2122 percipiendum
595 2037 796 2124 aptissimum
832 2059 904 2102 csse
926 2037 1064 2121 videtur,
1089 2058 1212 2124 ponere
1243 2058 1356 2101 omnes

262 2155 415 2233 quattuor
437 2146 543 2210 fontes
562 2171 626 2211 una
651 2147 685 2212 in
707 2148 871 2212 Venetum
894 2147 1074 2212 influxisse.
1109 2146 1177 2210 Iam
1199 2146 1288 2210 enim
1311 2154 1358 2228 tu,

265 2254 321 2342 qui
345 2255 506 2343 patienter
521 2257 642 2342 legisti,
665 2278 747 2342 quae
769 2257 938 2342 hucusque
953 2256 1175 2339 disseruimus,
1197 2255 1357 2320 sollertio-

262 2385 333 2428 rem
365 2373 397 2428 te
431 2366 600 2450 praebebis
635 2366 705 2452 ipso
737 2366 908 2453 typotheta
942 2373 974 2430 et
1004 2387 1057 2430 me
1087 2373 1264 2452 praeeunte
1296 2364 1359 2428 hoc

261 2483 398 2540 stemma
424 2475 481 2540 tibi
505 2475 632 2563 pinges.
676 2475 728 2540 Ex
751 2485 870 2563 puncto
888 2476 1006 2560 aliquo,
1032 2475 1118 2562 quod
1141 2473 1290 2539 dlittera
1311 2472 1359 2538 in-

262 2583 412 2670 signibis,
446 2584 598 2650 deorsum
631 2585 710 2650 duas
745 2583 955 2670 divergentes
987 2583 1091 2648 lineas
1125 2583 1234 2668 duces,
1257 2583 1301 2647 ita
1322 2593 1359 2648 ut

263 2694 390 2758 laevam
413 2693 595 2759 breviorem
626 2693 725 2758 facias
756 2693 901 2760 dextera.
946 2692 1002 2759 Ad
1026 2694 1151 2757 laevam
1176 2701 1359 2757 extremam

263 2827 287 2867 a
309 2803 469 2888 litteram,
502 2803 542 2868 ad
577 2805 747 2868 dexteram
784 2805 984 2885 ,deteriores
1016 2803 1165 2866 codices“
1199 2802 1361 2866 vocabula

262 2912 433 2999 adpinges.
479 2915 549 2979 Iam
586 2913 739 2978 dexterae
777 2913 883 2978 lineae
914 2913 978 2977 duo
1006 2921 1128 3000 puncta
1157 2911 1310 2997 superius
1333 2933 1359 2994 c,

262 3022 400 3087 inferius
424 3021 441 3086 b
464 3021 571 3087 littera
602 3033 679 3088 nota
712 3031 807 3087 etex
830 3032 971 3108 utroque
991 3022 1025 3086 in
1047 3021 1210 3087 sinistram
1232 3029 1359 3106 partem

263 3131 407 3217 singulas
429 3131 531 3197 lineas
545 3131 636 3196 duce.
662 3131 875 3220 Superiorem
891 3131 1012 3196 lineam
1025 3141 1203 3196 extremam
1218 3129 1361 3212 ,Rav.“,

161 3269 165 3276 ·
262 3239 452 3306 inferiorem
477 3240 605 3323 ,Ven.“
635 3254 710 3308 nota
745 3242 930 3307 ornabis-et
952 3263 993 3304 ex
1014 3241 1071 3307 illa
1104 3239 1211 3304 media
1243 3239 1361 3303 iudea

265 3357 384 3437 puncto
397 3350 515 3436 aliquo,
538 3349 631 3414 cuius
652 3375 672 3414 a
692 3350 801 3415 littera
822 3350 1035 3435 signumerit,
1058 3350 1178 3413 lineam
1195 3349 1294 3414 duces
1319 3348 1360 3412 ad

267 3458 524 3538 ,Ven.“n0tam.
549 3457 602 3521 Ad
625 3458 762 3522 eandem
785 3459 930 3544 singulas
951 3458 1052 3522 lineas
1075 3458 1174 3522 duces
1196 3483 1214 3522 a
1236 3457 1363 3542 punctis

265 3593 289 3632 a·
302 3578 334 3632 et
345 3567 362 3630 b
374 3568 490 3633 litteris
502 3568 666 3652 insignitis
678 3577 710 3632 et
721 3593 739 3631 a
752 3590 837 3632 novo
851 3568 960 3652 aliquo
973 3577 1066 3632 extra
1077 3569 1201 3651 harum,
1214 3591 1292 3654 quas
1305 3567 1362 3630 hu·

265 3699 386 3762 cosque
398 3677 561 3759 duximus,
582 3677 742 3741 linearum
754 3679 835 3742 fines
847 3677 999 3764 ponendo
1013 3686 1045 3741 ct
1056 3699 1080 3762 y
1091 3677 1199 3741 littera
1211 3676 1362 3740 notando

365 3787 438 3852 Hoc
463 3796 633 3850 stemmate
655 3787 687 3851 in
712 3810 775 3872 quo
803 3811 825 3850 x
846 3787 955 3852 littera
984 3787 1134 3874 ignotum
1166 3787 1257 3850 illum
1282 3787 1363 3874 opti-

267 3917 366 3979 mum,
380 3917 404 3982 y
419 3895 647 3982 pravissimum
670 3896 817 3962 codicem
838 3897 1060 3982 significatum
1082 3918 1152 3962 esse
1176 3896 1245 3984 ipse
1266 3895 1361 3960 facile

269 4004 445 4090 intelleges
479 4005 585 4070 statim
609 4013 748 4072 utaruur.
772 4005 832 4090 Eq.
858 4007 918 4070 163
941 4006 1110 4071 Ravennae
1142 4005 1276 4070 exhibet
1305 4000 1364 4082 τὰς

265 4113 376 4197 στίχας
405 4109 484 4203 ὁρᾷς
512 4115 614 4180 τῶνδε
636 4118 702 4180 τῶν
734 4116 831 4198 λαῶν,
863 4101 1042 4180 deteriores
1076 4115 1205 4180 codices
1229 4109 1309 4202 ὁρᾷς
1329 4138 1363 4201 γε

268 4224 371 4289 τῶνδε
393 4247 421 4290 τ.
443 4225 480 4303 t,
503 4224 591 4290 unde
624 4225 856 4311 conligendum
880 4235 946 4308 cst,
967 4223 1085 4288 iamin
1108 4247 1147 4290 eo
1171 4224 1364 4312 archetypo,

268 4355 364 4419 quem
388 4357 405 4400 c
430 4335 538 4400 littera
571 4335 810 4420 insignivimus,
844 4333 1000 4422 scriptum
1023 4334 1123 4400 fuisse
1157 4329 1363 4422 deposuistis
