3090 5138
817 489 859 556 20

289 677 344 764 vel
371 675 502 740 vocales
535 675 676 740 babeant
709 699 749 740 ια
781 675 910 740 sivero
935 674 987 739 rel
1014 695 1191 739 consonam
1217 671 1266 757 b‘f,
1287 671 1383 734 bomo

288 783 494 849 doctissimus
519 783 710 869 suspicatur,
735 785 868 866 ,harum
892 783 1070 848 litterarum
1090 779 1385 870 pronuntiationem

288 893 438 958 habuisse
474 891 611 976 aliquid,
645 891 733 956 unde
764 892 945 956 communis
974 892 1109 978 regulae
1140 889 1272 954 violatio
1297 911 1384 952 com-

290 1002 387 1066 modo
407 1001 537 1066 veniam
565 1000 758 1082 inveniret“,
791 1002 878 1085 qnod
909 1001 1003 1085 quale
1030 999 1129 1065 fuerit
1149 1019 1215 1063 non
1239 995 1384 1082 exponit.

291 1111 338 1174 At
361 1111 445 1174 iusto
469 1108 574 1172 levius
598 1107 739 1174 rationes
762 1109 928 1174 subduxit.
974 1109 1117 1172 Primum
1137 1106 1223 1171 enim
1249 1104 1384 1170 comico-

291 1241 362 1282 rum
385 1219 475 1284 locos
498 1241 562 1281 non
584 1217 725 1286 debebat
746 1216 932 1282 incensum
952 1238 1085 1298 vocnre;
1108 1214 1227 1279 deinde
1251 1214 1277 1278 si
1298 1213 1385 1300 apud

289 1327 433 1412 tragicos
455 1327 661 1413 septuaginta
690 1327 841 1412 exempla
868 1335 980 1390 extant
1014 1325 1137 1388 solutae
1171 1323 1302 1408 quintae
1325 1322 1386 1386 tri-

287 1435 382 1501 metri
403 1457 524 1520 nrseos,
548 1445 644 1520 atque
662 1457 704 1498 ex
724 1433 774 1499 his
797 1435 968 1520 sexaginta
991 1443 1082 1516 seint,
1100 1433 1154 1498 ubi
1178 1434 1217 1497 ab
1241 1433 1300 1498 bac
1321 1431 1382 1496 arsi

286 1530 625 1610 novum‘vocabulum
648 1544 831 1627 exorditur,
861 1543 981 1609 indeno
1011 1542 1231 1627 consequitur,
1255 1543 1317 1606 hoo
1340 1562 1382 1606 ex

289 1655 365 1740 lege
390 1677 483 1741 quam
517 1654 630 1740 tragici
663 1653 724 1718 sibi
748 1653 940 1740 scripserint
961 1652 1006 1717 ita
1030 1653 1150 1717 factum
1162 1703 1172 1736 ,
1194 1651 1307 1716 decem
1330 1650 1384 1734 qui

287 1772 410 1828 restant
431 1785 544 1828 versus
572 1763 781 1850 exceptiones
805 1763 901 1828 esse?
926 1761 966 1826 Et
980 1762 1082 1848 qualis
1097 1762 1178 1826 haec
1201 1761 1255 1824 lex
1270 1759 1384 1824 fueriti

291 1871 328 1941 Si
367 1873 485 1938 licebat
525 1881 599 1936 ante
639 1871 788 1936 ultimum
823 1871 941 1958 pedem
974 1869 1168 1935 vocabulum
1202 1869 1385 1950 conlocare,

292 1981 378 2066 quod
401 1982 455 2044 vel
477 1981 575 2044 iambi
607 1981 660 2045 vel
696 1979 834 2068 spondei
856 1979 911 2042 vel
945 1979 1056 2070 cretici
1077 1997 1382 2044 mensurameexac-

181 2083 188 2098 Χ
287 2098 411 2175 quarct,
432 2085 490 2154 cnr
516 2112 582 2155 non
602 2089 691 2171 item,
717 2087 964 2174 quod‘tribechi
989 2087 1043 2152 vcl
1066 2087 1188 2171 dactyli
1209 2089 1261 2152 vel
1284 2109 1386 2175 paco-

289 2201 339 2264 nis
361 2198 482 2286 primi?
528 2196 626 2281 Quid,
648 2209 684 2262 ut
707 2198 860 2284 exemplo
885 2206 968 2280 utar,
994 2220 1012 2260 a
1038 2196 1163 2261 ratione
1186 2195 1383 2283 reprehendi

289 2317 396 2396 potest
430 2309 463 2372 in
495 2307 655 2391 Aeschyli
678 2306 771 2372 Eum.
793 2307 853 2370 783
877 2297 945 2370 ἀλλ’
980 2304 1016 2371 ἐκ
1046 2300 1126 2382 Διὸς
1156 2299 1216 2390 γὰρ
1249 2297 1384 2387 λαμπρὰ

287 2410 448 2502 μαρτύρια
467 2415 601 2500 nuptia?
623 2416 707 2482 Cum
732 2415 833 2499 igitur
858 2415 939 2480 haec
961 2414 1017 2480 lex
1041 2436 1101 2478 nec
1124 2435 1240 2501 perse
1265 2413 1382 2500 proba·

269 2525 360 2590 'bilis
384 2525 552 2612 sitneque
574 2524 659 2590 inter
681 2546 853 2588 numerum
879 2545 990 2588 eorum
1012 2524 1171 2604 locorum,
1191 2522 1246 2585 ubi
1271 2521 1384 2586 obser-

289 2645 365 2700 vata
385 2645 444 2716 est,
466 2644 563 2718 atque
588 2656 711 2718 eorum,
742 2619 795 2720 qui
824 2633 853 2696 ei
877 2641 1072 2719 repugnant,
1092 2631 1176 2696 iusta
1204 2630 1386 2695 intercedat

284 2746 384 2830 ratio,
416 2754 484 2808 tota
514 2743 569 2806 illa
592 2741 734 2808 Seidleri
767 2743 808 2806 de
829 2767 872 2826 ια,
894 2765 935 2820 ro,
959 2765 1006 2825 ερ,
1030 2765 1068 2825 ορ
1092 2739 1274 2805 litterarum
1304 2735 1391 2824 pro·¹

285 2855 487 2920 nuntiatione
509 2853 671 2919 sententia
692 2853 778 2916 omni
801 2852 1012 2918 fundamento
1035 2859 1132 2916 caret.
1156 2847 1377 2915 Nihilominus

283 2965 318 3030 in
351 2964 412 3027 hac
440 2963 625 3050 periculosa
656 2961 708 3026 vin
739 2984 872 3027 securus
904 2982 1100 3048 progressus
1134 2967 1183 3022 est
1206 2957 1379 3023 Eduardus

283 3071 524 3150 Wunder¹).
568 3069 652 3136 Cum
682 3069 770 3134 enim
790 3069 932 3137 Seidleri
957 3069 1067 3155 legem
1089 3091 1107 3131 a
1129 3066 1241 3154 quinta
1283 3065 1401 3131 etiam.

192 3260 193 3265 ἵ
283 3181 315 3244 in
350 3189 473 3244 ceteras
510 3178 647 3242 trimetri
683 3177 777 3242 sedes
810 3177 1046 3260 transtulisset,
1079 3177 1173 3262 eique
1203 3174 1380 3238 nonnullos

284 3290 374 3352 locos
386 3307 573 3374 repugnare
587 3285 724 3370 videret,
747 3307 813 3350 non
827 3285 930 3349 solum
955 3284 995 3348 ad
1020 3283 1156 3349 eandem
1176 3265 1241 3362 mr,
1263 3266 1323 3366 soc,
1345 3266 1379 3347 [a

222 3478 227 3489 ,
280 3397 461 3462 litterarum
494 3394 607 3458 miram
631 3388 929 3482 pronuntiationem
955 3392 1105 3478 confugit
1126 3401 1159 3458 et
1178 3391 1305 3478 πατέρα
1328 3387 1376 3458 biss

237 3523 239 3530 '
281 3509 460 3594 syllabam,
491 3498 663 3594 ἀμφότερα
684 3504 892 3588 trisyllabum
924 3525 994 3569 esse
1017 3501 1129 3587 voluit,
1150 3523 1262 3567 verum
1283 3502 1380 3566 etiam

282 3615 504 3704 ,pronominis
528 3614 577 3692 τίς
604 3615 724 3678 formas
748 3612 819 3678 τίνα
843 3622 875 3678 et
894 3612 957 3678 τίνι
991 3612 1037 3676 sic
1066 3611 1167 3676 fuisse
1190 3612 1378 3697 pronuntia-

280 3721 397 3808 taS,'ut
417 3725 512 3789 unius
528 3724 597 3788 fere
620 3725 766 3810 syllabae
790 3723 891 3788 instar
910 3731 1036 3787 essent⁴
1061 3721 1156 3786 nobis
1178 3719 1377 3808 persuadere

280 3844 415 3900 conatus
439 3843 497 3900 ost.
540 3833 672 3897 Vellem
702 3831 850 3896 homines
873 3831 1080 3895 doctissimos
1110 3828 1292 3918 aperuisse,
1313 3851 1377 3914 quo

280 3943 343 4008 alio
366 3943 464 4008 modo
486 3937 646 4027 μαρτύρια
661 3941 715 4004 vel
728 3933 899 4028 ἀμφότερα
915 3964 933 4004 a
948 3939 1052 4025 poetis
1074 3938 1108 4003 in
1129 3961 1258 4002 versum
1274 3936 1378 4024 recipi

280 4053 464 4141 potuissent
489 4051 551 4117 nisi
575 4051 620 4116 ita
640 4059 676 4114 ut
698 4050 737 4115 ab
759 4072 823 4114 una
844 4049 909 4114 arsi
930 4047 971 4113 ad
997 4049 1131 4112 alteram
1163 4047 1377 4135 pertinerent.

279 4165 393 4250 Atque
414 4163 495 4227 baec
525 4170 595 4225 crat
623 4184 685 4248 qua
718 4160 801 4225 falsa
829 4157 983 4247 opinione
1013 4166 1144 4244 captum
1172 4155 1273 4221 fuisse
1304 4155 1372 4220 dixi

380 4408 404 4478 1)
423 4405 540 4462 Advers.
562 4404 591 4458 in
610 4401 695 4473 Soph.
713 4401 832 4458 Philoet.
847 4419 878 4472 p.
891 4401 926 4455 23
937 4417 977 4472 sq.
