3090 5138
781 417 823 483 36

147 685 151 696 ¹
257 601 349 670 sione
373 603 448 670 duta
473 627 536 670 non
562 617 692 694 possum
717 605 795 694 quin
825 614 933 670 notem
959 603 1097 690 Bergkii
1119 624 1276 686 errorem,
1301 603 1358 686 qui

257 711 358 801 Vesp.
386 713 466 779 1192
506 715 582 802 quis
602 715 750 780 Venetus
782 713 917 780 exhibet
947 703 1008 800 ἤδη
1039 711 1141 798 γέρων
1163 705 1209 776 ὢν
1239 706 1362 790 πολιὸς

258 811 304 886 dv
323 843 383 910 pro
407 813 468 909 ἤδη
498 823 600 914 γέρων
632 817 677 888 dir
707 823 762 889 καὶ
792 818 910 902 πολιὸς
932 821 1113 904 „rotund
1145 821 1356 887 scribendum

258 951 330 996 esse
353 931 532 1018 suspicatus
556 942 605 997 est
626 921 687 1018 ἤδη
708 931 811 1017 γέρων
832 930 886 996 καὶ
909 925 1028 1008 πολιὸς
1051 919 1106 1011 dv,
1129 929 1214 1016 quod
1230 925 1358 994 Aristo-

259 1036 400 1124 phanem
430 1037 597 1124 scripsisse
620 1058 717 1124 nego.
761 1037 830 1104 Sed
852 1037 929 1101 talin
962 1048 999 1101 ut
1022 1036 1223 1120 tenebimus,
1247 1036 1303 1101 ubi
1325 1036 1358 1100 in

257 1145 431 1212 codicibus
467 1147 584 1212 tradita
619 1157 702 1230 sunt,
725 1147 770 1212 ita
802 1145 986 1212 carendum
1011 1156 1076 1228 cst,
1106 1167 1148 1210 ne
1181 1145 1243 1234 ipsi
1267 1147 1356 1210 ultro

258 1254 444 1322 inferamus.
496 1255 579 1320 Nem
602 1255 665 1322 hoc
688 1277 782 1340 qnam
807 1255 1025 1344 periculosum
1051 1254 1092 1320 sit
1120 1276 1164 1320 ex
1188 1254 1305 1320 Cobeti
1328 1263 1361 1320 et

259 1363 414 1430 Meinekii
446 1364 479 1430 in
510 1365 625 1430 eodem
660 1387 784 1452 genere
813 1365 976 1430 communi
999 1386 1111 1430 errore
1139 1364 1359 1450 intellegitur,

260 1493 323 1561 quo
346 1473 408 1561 Eq.
425 1475 488 1540 270
509 1497 587 1562 pro:

384 1576 530 1667 ὡσπερεὶ
550 1581 702 1668 γέροντας
722 1578 828 1669 ἡμᾶς
849 1582 903 1648 καὶ
925 1577 1169 1667 κοβαλικεύεται

258 1691 479 1778 scripserunt:

269 1821 294 1854 -·
385 1793 532 1884 ὡσπερεὶ
552 1800 704 1886 γέροιαας
726 1791 845 1878 ὄντας
867 1798 921 1865 καὶ
942 1793 1194 1882 κοβαλικεύεται,

259 1908 469 1974 aeodicibus
501 1932 540 1974 eo
572 1910 683 1992 adiuti,
708 1909 796 1994 quod
826 1910 860 1973 in
882 1909 1072 1998 Rauennate
1094 1904 1179 1995 ἡμᾶς
1200 1909 1357 1975 omissum

208 2073 210 2078 ,
263 2028 323 2085 est.
349 2016 451 2084 Cuius
478 2019 713 2084 emendationis
737 2019 792 2105 qui
814 2028 927 2084 auctor
949 2019 1009 2084 fuit
1030 2018 1218 2084 Cobetus
1237 2019 1359 2084 Mnem.

261 2127 320 2192 IV.
347 2151 378 2215 p.
404 2127 464 2192 133
498 2135 669 2214 postquam
699 2128 786 2194 Aeb.
815 2128 892 2212 221,
925 2128 981 2192 ubi
1017 2129 1190 2195 Ravennae
1226 2128 1360 2193 exhibet

258 2235 406 2323 μηδέαερ
428 2233 581 2321 γέροντας
602 2231 750 2324 ἐκφυγών
773 2229 947 2322 Ἀχαρνέας
979 2260 1053 2302 eum
1081 2239 1144 2303 hoe
1178 2239 1252 2303 loco
1277 2241 1358 2303 'eom

260 2345 342 2427 tulit,
376 2346 423 2410 sic
458 2345 584 2432 pergit:
616 2346 730 2426 „Idem
765 2347 938 2433 utrobique
979 2347 1094 2412 vitium
1135 2356 1204 2431 est,
1241 2347 1359 2412 eodem

260 2455 358 2520 modo
389 2464 499 2520 natum
527 2465 559 2520 et
589 2456 770 2522 tollendum
806 2478 952 2544 quoque:
981 2455 1101 2542 ncinpe
1129 2455 1242 2522 uthis
1273 2456 1360 2543 apud

260 2582 373 2630 omnes
413 2575 503 2630 reete
547 2565 701 2630 scribitur
739 2565 886 2652 μηδέπερ
925 2564 1077 2652 γέροντας
1118 2556 1212 2644 ὄντας
1238 2567 1279 2651 ⁸),
1312 2565 1360 2632 sic

259 2673 328 2766 illic
358 2672 566 2738 scribendum
601 2669 745 2759 ὡσπερεὶ
779 2673 932 2760 γέροντας
963 2666 1067 2753 ὄντας.
1087 2681 1089 2684 ’
1113 2675 1177 2756 Qui
1211 2676 1359 2741 codicem

261 2783 426 2848 Veretum
465 2784 609 2872 scripsit,
645 2785 685 2848 de
722 2803 779 2850 suo
812 2780 897 2871 ἡμᾶς
929 2785 1150 2873 interpolavit,
1177 2795 1213 2850 ut
1240 2787 1361 2872 passim

261 2893 518 2979 Aristophanem
550 2893 677 2959 levibus
710 2894 903 2960 coniecturis
934 2917 993 2962 suo
1027 2896 1162 2960 arbitrio
1192 2895 1357 2962 refinxit.“
1429 2927 1431 2931 ⁷
1510 2877 1511 2946 i

261 3003 314 3068 Ex
349 3004 396 3068 eis
434 3023 516 3090 quae
553 3027 651 3092 supra
687 3005 897 3091 exposuimus
927 3007 1033 3070 elucet
1069 3007 1153 3071 hanc
1185 3015 1293 3071 notem
1327 3005 1361 3070 in

264 3111 464 3178 deteriorum
495 3111 601 3198 potius
637 3111 795 3195 codicum,
834 3113 887 3200 qui
923 3123 955 3178 et
987 3113 1050 3201 ipsi
1083 3109 1166 3200 ἡμᾶς
1193 3115 1362 3200 praebent,

260 3221 478 3308 archetypum
511 3243 605 3306 quam
636 3219 669 3283 in
692 3220 811 3284 Veneti
844 3220 1013 3286 librarium
1044 3221 1171 3306 eadere,
1193 3222 1285 3288 illum
1306 3245 1360 3287 nu-

183 3347 186 3350 ·
261 3338 327 3394 tem
349 3329 580 3416 interpolatum
615 3350 772 3396 essenon
802 3349 972 3416 negamus.
1000 3331 1047 3396 At
1079 3330 1222 3397 Cobctus
1253 3353 1361 3418 neque

261 3433 345 3524 ἡμᾶς
376 3438 455 3503 ferri
494 3459 559 3502 nun
599 3461 695 3526 posse
731 3461 837 3526 neque
876 3429 971 3518 ὄντας
1002 3441 1124 3526 requiri
1159 3442 1227 3506 ullo
1264 3440 1361 3506 modo

263 3547 514 3632 demonstravit;
544 3572 619 3612 nam
650 3571 782 3631 corum,
814 3551 854 3614 de
890 3551 1007 3636 quibus
1036 3551 1071 3615 in
1100 3551 1260 3639 proximis
1292 3551 1362 3636 egit

262 3657 408 3725 locorum
445 3657 598 3738 (Nicostr.
630 3681 681 3744 ap.
710 3659 790 3722 Ath.
815 3659 877 3741 ΙΙΙ,
910 3659 969 3724 118
991 3661 1029 3746 Ε,
1065 3660 1119 3726 ubi
1151 3669 1242 3725 recte
1279 3659 1359 3726 scri-

263 3770 367 3856 psisse
381 3769 509 3833 videtur
530 3769 763 3845 κατεσθίοντες
779 3758 870 3846 ὄντες
882 3763 1018 3852 δώδεκα,
1031 3769 1203 3858 Hermipp.
1216 3789 1267 3856 apt
1280 3769 1362 3834 Ath.

263 3878 361 3944 VHI.
386 3878 448 3942 344
468 3878 499 3942 Ι)
523 3875 565 3944 ἕν’
589 3868 683 3961 ὅντα,
713 3877 817 3943 Arist.
841 3878 944 3966 Vosp.
966 3879 1026 3942 693
1059 3873 1106 3943 δύ’
1136 3869 1224 3963 ὅντε)
1260 3879 1360 3964 longe

261 4031 459 4042 Q

336 4114 361 4184 1)
382 4113 552 4166 Fritnsehius
563 4113 717 4202 adsshesm.
735 4111 788 4166 683
808 4112 907 4166 meluit
924 4116 1050 4187 μηδέπερ
1067 4119 1197 4186 γέροντας
1215 4109 1361 4186 ἄνδρας,

263 4211 338 4280 quod
356 4210 417 4279 ipse
434 4209 544 4275 viderit,
564 4205 703 4278 quomodo
733 4207 880 4276 defendat3
908 4210 975 4264 mihi
996 4211 1108 4266 videtur
1126 4211 1252 4283 μηδέπιρ
1269 4210 1360 4280 perti·

263 4309 325 4363 eula
343 4301 424 4366 ὄντας
441 4307 618 4378 perticipium
639 4303 790 4376 requirere.
