3090 5138
773 422 815 487 26

260 629 353 695 posse
375 608 548 695 opinabar,
572 607 651 673 Ran.
674 608 724 690 83,
748 608 802 692 qui
825 630 938 672 versus
970 606 1055 694 apud
1081 605 1283 674 Meinekium
1309 603 1356 669 sio

258 717 398 802 scriptus
424 726 491 782 est:
1076 797 1079 804 .

370 815 536 909 ,Ἀγάθων
561 825 597 890 δέ
625 826 701 890 moi’
726 827 807 903 σθ’,·
831 861 870 872 -··
888 819 995 890 ὅπου
1017 816 1102 900 ’στ’,·
1122 815 1302 888 ἀπολιπών
1321 822 1354 905 μ’

1122 926 1255 1016 eligatur,
1372 937 1374 940 ’

258 1041 292 1105 in
313 1043 481 1108 codicibus
505 1066 582 1108 vero
606 1043 669 1127 sic,

382 1143 585 1237 Ἀγάθωνδὲ
601 1157 668 1219 ποῦ
689 1147 809 1232 ’ouem
824 1146 1108 1218 -ἆπολιπών
1127 1152 1159 1236 μ’
1182 1147 1354 1234 οἴχεται.

357 1257 442 1324 Nam
472 1281 546 1347 spes
572 1271 642 1325 erat
662 1262 733 1326 fore
758 1271 793 1326 ut
818 1271 894 1326 ante
919 1253 1041 1342 οἴχεται
1065 1283 1129 1324 una
1150 1259 1277 1343 syllaba
1299 1258 1355 1322 ad-

259 1367 325 1433 dita
355 1369 476 1454 optima
503 1392 618 1436 versus
648 1371 772 1456 species
806 1370 1041 1434 restitueretur.
1088 1368 1157 1436 Sed
1192 1368 1278 1456 quod
1313 1389 1354 1432 ex

259 1477 360 1546 Suida
382 1504 407 1544 s.
423 1502 453 1543 v.
475 1470 629 1565 Ἀγάθων
649 1480 841 1546 Dindorfius
862 1479 1010 1546 Kockius
1034 1479 1199 1563 Bergkius
1222 1500 1353 1565 recepe-

257 1596 332 1651 runt
351 1577 529 1652 ἀπολιπών
548 1589 580 1672 μ’
604 1581 833 1670 ἀποίχεται,
856 1611 970 1674 parum
983 1570 1260 1674 Aristophaneum
1283 1607 1355 1650 esse

258 1720 353 1765 nemo
375 1701 525 1796 negabit,
559 1701 613 1787 qui
650 1701 781 1784 quidem
814 1700 917 1783 sciat,
941 1699 1044 1786 Vesp.
1067 1699 1157 1782 1261,
1189 1721 1251 1782 quo
1285 1698 1354 1762 solo

256 1809 330 1872 loco
361 1809 551 1893 legebatur,
584 1819 671 1874 recte
696 1809 875 1896 Bergkium
903 1809 1072 1896 scripsisse
1099 1801 1178 1873 ὥστ’
1203 1798 1300 1895 ἀφείς
1324 1807 1352 1872 o'

256 1908 496 2002 ἀπέρχεται.
541 1918 663 1986 Contra
684 1910 861 1983 ἀπολιπών
882 1917 915 2001 μ’
941 1911 1063 1998 οἴχεται
1094 1916 1273 1982 rectissime
1307 1915 1354 1980 di-

260 2037 349 2093 etum
372 2037 435 2108 est3
460 2048 521 2092 nco
543 2027 639 2092 facile
664 2012 938 2112 monosyllabum,
963 2025 1050 2110 qnod
1073 2025 1220 2110 quamvis
1243 2047 1354 2112 supar-

263 2136 364 2200 fluum
388 2137 457 2222 sine
484 2135 679 2201 detrimento
702 2135 865 2222 interponi
889 2135 1001 2220 possit,
1023 2134 1179 2200 invenies.
1217 2133 1289 2198 Hac
1314 2131 1355 2197 de

258 2267 353 2310 causa
375 2268 463 2310 nunc
483 2246 560 2309 mihi
579 2267 770 2331 persuasum
794 2253 854 2328 est,
874 2245 955 2310 banc
976 2266 1089 2308 versus
1118 2252 1241 2330 partem
1274 2241 1354 2308 inta-

258 2369 340 2424 ctam
363 2357 609 2446 relinquendam
626 2380 706 2423 asse.
730 2357 836 2422 Priori
858 2380 936 2421 vero
952 2356 1035 2443 parti
1051 2347 1207 2441 Ἀγάθων
1229 2353 1265 2420 δὲ
1287 2357 1354 2420 ποῦ

258 2461 359 2546 'cam
381 2469 551 2554 augendae
576 2477 608 2532 et
634 2466 816 2531 Meinckius
840 2475 873 2529 et
896 2465 1041 2531 Cobotus
1059 2466 1083 2546 ¹)
1115 2465 1158 2528 ita
1186 2465 1355 2529 consulue-

257 2589 343 2661 runt,
373 2588 409 2644 ut
444 2577 560 2643 dubius
591 2578 743 2660 haereas,
776 2587 885 2640 utrum
919 2575 1005 2660 quod
1033 2575 1216 2643 Meinekius
1241 2574 1357 2656 voluit,

256 2682 423 2776 praeferas
447 2713 489 2753 an
511 2687 598 2776 quod
623 2685 753 2754 Cobeto¹
773 2686 909 2774 placuit:

377 2790 532 2884 Ἀγάθων
552 2795 589 2863 da‘
602 2800 669 2860 unii
691 2791 766 2861 πότ’
792 2794 876 2874 ἐστ’,·
894 2833 933 2842 -—
949 2787 1127 2873 ἀπολιπών
1146 2795 1178 2878 μ’
1203 2789 1334 2876 οἴχεται.

356 2907 562 2990 Quamquam
599 2914 736 2990 utraque
774 2903 955 2968 emendatio
995 2911 1182 2985 corrueret,
1215 2902 1242 2966 si
1276 2923 1355 2967 vara

256 3013 420 3100 Reisigius
438 3013 464 3096 ²)
491 3013 647 3096 dixisset,
675 3013 710 3076 in
731 3014 796 3077 fine
826 3012 1066 3076 enuntiatorum
1099 3010 1356 3096 interrogativo-

257 3147 329 3189 rum
356 3123 612 3210 Aristophanem
643 3121 787 3187 noluisse
812 3119 899 3186 dorin
924 3122 1060 3207 copulae
1088 3121 1236 3184 ultimum
1264 3118 1351 3184 elidi.

257 3231 442 3300 Fatendum
466 3231 551 3296 enim
575 3240 634 3314 est,
656 3253 730 3295 oum
753 3231 826 3318 plus
851 3230 1087 3317 quinquaginta
1100 3229 1248 3294 versibus
1273 3229 1354 3292 haec

256 3344 312 3408 lex
334 3345 505 3408 observata
527 3343 567 3408 sit
596 3343 739 3428 quinque
761 3351 886 3406 tantum
908 3341 936 3434 pi
959 3361 1156 3428 repugnare,
1179 3339 1238 3403 hos
1263 3337 1354 3402 dico:

340 3446 342 3450 ’
386 3450 471 3514 Ach.
493 3450 552 3513 178
575 3448 607 3513 ui
629 3449 656 3514 δ’
680 3443 762 3526 ὲ’στ’,·
784 3485 824 3494 -
846 3443 907 3533 ἐγώ
929 3447 989 3531 μὲν
1011 3441 1108 3530 δεῦρό
1132 3468 1185 3512 σοι
1207 3440 1357 3523 σπονδὰς

339 3550 340 3555 ¹
475 3637 478 3642 Ι
1095 3553 1206 3644 φέρων

380 3666 467 3732 Nub.
497 3666 559 3740 214
589 3659 657 3732 aar
686 3664 705 3753 ἡ
737 3665 958 3749 Λακεδαίμων
990 3666 1068 3729 ποῦ’
1099 3665 1173 3742 rau·
1200 3699 1241 3709 -
1270 3657 1356 3728 ὅπου

985 3774 1080 3854 'oum
1104 3769 1207 3859 αὑτηί.

382 3886 459 3950 Pac.
477 3885 534 3949 187
556 3881 664 3972 πατὴρ
687 3883 723 3950 δέ
746 3908 799 3950 σοι
813 3884 862 3962 τίς
883 3883 965 3961 ἕστ’,·
979 3921 1017 3930 -
1032 3881 1122 3966 ipo&
1141 3868 1356 3967 μιαρώτατος.

297 3990 300 3998 ’
382 3995 444 4059 Av.
459 3995 501 4060 90
519 3990 566 4077 μὰ
581 3994 629 4059 Δί’
655 3986 714 4060 οὒκ
729 3991 844 4080 ἔγωγε·
869 3997 936 4059 ποῦ
952 3987 1009 4079 γάρ
1024 3991 1087 4058 ἐστ’
1098 4020 1107 4068 ,·
1120 4029 1160 4038 -
1172 3983 1356 4056 ἀπέπτατο.

171 4215 175 4223 ’
264 4279 269 4288 ,
363 4221 389 4291 1)
408 4221 511 4277 Muem.
532 4222 567 4276 II.
588 4241 615 4292 p.
636 4226 696 4278 213.

359 4320 387 4392 2)
406 4317 481 4374 Diar.
501 4319 563 4374 Jeu.
584 4338 609 4374 a.
630 4323 707 4376 1817.
728 4337 770 4375 nr.
791 4323 852 4374 223.
