3090 5138
706 453 744 518 11

178 630 306 729 ἔφαοσε
339 663 387 725 γρ.
420 629 544 728 dipsas,
567 640 611 705 ib.
645 663 674 706 v.
714 639 788 703 1201
820 638 907 704 idern
932 660 1006 702 eum
1029 632 1163 719 reliquis
1183 631 1279 716 δραχ-

177 752 250 833 μῶν
278 749 433 834 ἐμπολῶ,
464 749 522 814 sed
547 771 602 836 γρ.
634 749 793 833 δραχμαῖς
824 746 1002 832 κερδαίνω,
1038 747 1099 812 Av.
1121 743 1185 808 210
1206 763 1279 806 aum

179 858 368 926 Ravennate
401 857 519 937 λῦσον,
546 857 602 922 sed
625 880 673 943 γρ.
704 856 756 922 καί
784 857 884 922 λῦσον
912 854 967 922 καί
989 841 1280 937 ἆσον,ιι1)1111)ιε-

178 971 264 1036 rium
284 974 394 1054 χῦσαν,
419 969 507 1055 quod
539 969 573 1034 in
605 969 822 1036 deterioribus
845 968 1010 1034 codicibus
1033 966 1176 1052 legitur,
1200 963 1281 1054 seri-

178 1081 257 1146 bere
283 1079 428 1146 voluisse
461 1079 606 1162 eeniei0‚
644 1081 687 1146 ib.
724 1103 754 1144 v.
788 1079 869 1144 1396
910 1101 983 1144 eum
1024 1077 1095 1142 aliis
1130 1073 1279 1140 omnibus

177 1188 287 1274 βαίην,
318 1187 377 1254 sed
402 1211 449 1274 γρ.
482 1187 620 1273 βαίνων,
651 1189 731 1256 Rau.
762 1190 803 1254 03
828 1183 948 1266 ἔτνοτς
970 1210 1043 1254 eum
1074 1184 1190 1251 ceteris
1222 1182 1280 1248 sed

178 1321 226 1383 γρ.
251 1291 323 1382 ἐγώ,
346 1321 378 1364 r.
398 1297 470 1381 202,
494 1320 591 1382 quam
622 1297 743 1362 variam
768 1297 942 1364 lectionem
966 1295 1160 1364 Dinderfius
1181 1293 1278 1358 silen-

177 1407 223 1472 tio
257 1404 486 1493 praetermisit,
509 1402 592 1488 ἔχων
615 1397 682 1471 ἀλλ’
716 1396 848 1489 ἀντιβὰς
870 1429 944 1472 eum
969 1405 1114 1492 reliquis,
1148 1403 1207 1470 sed
1229 1426 1277 1488 γρ.

178 1509 228 1578 τόν
252 1507 380 1602 δείματ’
414 1504 563 1596 όντιβάς,
588 1513 675 1578 Plut.
698 1514 758 1577 106
790 1508 851 1598 ἐγώ
883 1536 931 1600 γρ.
965 1513 1067 1597 ἐμοῦ,
1092 1513 1135 1580 11).
1162 1536 1193 1576 r.
1217 1512 1277 1576 367

180 1618 267 1706 ἔχεις
297 1645 345 1708 γρ.
376 1621 483 1706 μένει,
519 1645 652 1708 quarum
684 1623 963 1722 illajlavennatis
994 1622 1091 1690 lectio
1105 1631 1172 1703 est,
1206 1643 1277 1686 eum

180 1731 284 1798 eeteri
308 1729 374 1814 ἔχει
402 1732 590 1815 exhibeant,
613 1756 644 1800 v.
665 1733 726 1796 396
751 1729 810 1798 τόν
830 1729 1009 1804 θαλάττιον
1029 1755 1078 1820 γρ.
1098 1727 1156 1798 τόν
1178 1723 1280 1815 βοιίό-

178 1865 258 1924 τιον,
280 1864 311 1908 v.
336 1842 416 1906 1093
438 1837 620 1908 ὑπέπιτταν
640 1865 687 1928 γρ.
711 1838 911 1927 δντεντείρων.
943 1842 1090 1912 Eandem
1113 1863 1192 1906 vero
1211 1840 1278 1904 vim

179 1959 209 2022 ei
231 1957 295 2022 1οοί
319 1957 451 2044 habent,
480 1957 547 2040 ubi,
570 1956 625 2042 qui
647 1956 812 2022 Venatum
836 1954 976 2043 scripsit,
1006 1951 1198 2040 scripturam
1222 1939 1277 2016 ali-

180 2091 275 2155 quam
298 2069 339 2132 ab
360 2076 501 2154 utroque
523 2067 612 2132 fonte
633 2087 736 2153 aeque
756 2065 895 2132 alienam
916 2063 1051 2152 recepit,
1068 2063 1183 2142 horum
1199 2082 1277 2128 vero

178 2186 215 2240 ut
232 2176 354 2242 variam
371 2176 547 2242 lectionem
560 2175 743 2262 adscripsit.
766 2173 867 2240 Cuius
881 2175 1015 2260 generis
1028 2175 1109 2240 haec
1123 2171 1276 2258 exempla

178 2294 268 2352 sunt.
314 2285 461 2352 Venetus
486 2285 550 2352 Av.
581 2285 640 2350 109
663 2308 723 2373 pro
756 2294 940 2352 ceterorum
967 2283 1119 2350 eedieum
1150 2275 1277 2366 τρόπον
1368 2324 1370 2328 -

179 2394 313 2460 exhibet
339 2392 450 2478 γένονς
478 2418 526 2481 γρ.
548 2390 696 2480 τρόπον,
717 2397 798 2466 Rau.
824 2398 883 2462 116
905 2419 964 2484 pre
988 2395 1042 2462 καί
1062 2390 1101 2461 σό
1121 2417 1165 2480 γε,
1190 2392 1277 2478 qued

179 2503 281 2568 ceteri
311 2504 491 2591 praebent,
519 2501 597 2571 ἰέναι
621 2500 709 2588 κάτω
731 2529 779 2592 γρ.
802 2506 856 2572 καί
877 2501 916 2572 eri
937 2529 983 2592 γε,
1005 2528 1037 2571 v.
1054 2504 1113 2570 118
1140 2498 1207 2589 ὅπη
1229 2524 1277 2588 γρ.

145 2605 151 2616 ’
179 2606 282 2692 ὅπως,
304 2636 335 2678 v.
357 2612 419 2678 309
446 2613 655 2697 ντροςέτιτατο
678 2637 726 2700 γρ.
749 2615 959 2700 ιτροςέμπεαε
980 2636 1040 2702 pro
1062 2610 1277 2698 προςέιτεσεν.

260 2722 413 2788 Dubitari
437 2723 538 2808 igitur
558 2725 682 2810 nequit,
707 2725 784 2808 quin
806 2735 937 2814 praeter
958 2726 1040 2792 dues
1062 2723 1137 2788 illos
1162 2721 1277 2787 tertius

180 2829 303 2896 Veneti
340 2831 413 2897 fons
445 2831 556 2898 fuerit.
588 2833 752 2898 Videntur
774 2856 851 2900 vero
875 2835 956 2900 adeo
981 2843 1133 2922 quattuor
1157 2831 1275 2915 suisse3
1307 2852 1326 2880 u

179 2939 265 3004 Plut.
277 2941 319 3004 50
331 2940 430 3023 enim,
451 2951 489 3008 ut
510 2941 573 3006 iam
587 2965 685 3028 supra
697 2943 847 3026 vidimus,
861 2945 1032 3010 Ravennae
1054 2942 1187 3008 exhibet
1203 2940 1277 3027 βίῳ,

179 3047 359 3114 deteriores
374 3049 503 3116 codices
513 3045 780 3137 xpdvrpNenetus
794 3047 870 3134 ἔτει,
882 3052 968 3118 idem
979 3073 1056 3116 vero
1074 3051 1275 3140 adscriptum

177 3157 276 3229 habet
296 3181 343 3243 γρ.
358 3157 441 3243 γένει
453 3158 507 3224 καί
521 3155 637 3246 χρόνῳ,
663 3182 704 3226 ex
721 3161 836 3249 quibus
853 3161 1046 3228 lectionibus
1061 3171 1116 3228 aut
1132 3157 1198 3228 ἔτει
1221 3171 1276 3225 aut

177 3265 261 3351 γένει
293 3289 429 3334 neeesse
454 3279 503 3334 est
529 3291 571 3336 ex
595 3279 709 3356 quarte
731 3257 840 3354 aliquo
855 3272 946 3338 fonte
971 3271 1111 3336 deducta
1133 3271 1185 3336 sit.
1209 3269 1277 3339 Sed

178 3377 306 3442 aceedit
340 3377 438 3442 eliud.
488 3378 572 3444 Illae
604 3380 712 3444 variae
743 3380 902 3446 lectiones
933 3381 1110 3467 pleraeque
1143 3378 1275 3464 quidem

177 3486 337 3572 pessimae
353 3497 460 3572 notae,
482 3488 659 3556 nonnullae
673 3489 952 3575 praeclarissimae
972 3499 1056 3554 sunt.
1080 3489 1275 3558 Salutiferae

179 3593 266 3658 enim
289 3593 478 3662 iamdudum
505 3596 684 3666 extiterunt
713 3597 762 3662 his
785 3597 884 3662 loeis:
907 3597 1008 3686 Vesp.
1029 3599 1103 3682 675,
1128 3598 1199 3682 702,
1220 3597 1275 3664 ubi

182 3702 329 3768 Venetus
364 3703 572 3770 scholiastam
605 3716 636 3770 et
660 3706 793 3776 Suidam
822 3707 1043 3774 adsentientes
1066 3709 1175 3790 habet,
1198 3709 1275 3776 Pae.

179 3812 387 3895 1317,1144‚
420 3813 475 3878 ubi
507 3813 626 3882 iterum
653 3815 771 3884 suidas
807 3816 942 3884 eandem
971 3819 1148 3884 lectionem
1169 3809 1273 3907 ἔφεοε

178 3922 323 4009 praebet,
346 3923 427 3990 Rau.
452 3923 522 4006 118,
546 3925 580 3988 in
600 3924 787 4010 Bergkiana
816 3927 918 3992 altera
948 3928 1045 3994 etiam
1071 3929 1157 3994 Plut.
1184 3930 1274 3994 1013.

178 4031 331 4117 Spretum
355 4053 434 4096 vere
456 4032 563 4099 adhue
585 4043 652 4118 est,
676 4035 762 4122 quod
787 4036 933 4102 Venetus
959 4037 1045 4104 Plut.
1066 4039 1108 4103 50
1130 4040 1273 4127 praebet,

178 4135 254 4204 ἔτει.
307 4141 372 4209 Sed
405 4143 538 4207 memini
567 4143 749 4230 Sauppiuru
783 4145 817 4210 in
851 4147 1015 4214 seminarii
1045 4146 1274 4232 Gottingensis

177 4249 370 4316 lectionibus
396 4251 474 4316 mihi
502 4255 651 4339 probare,
683 4255 893 4322 usitatissima
918 4258 1104 4342 corruptela
1127 4268 1274 4324 eerreeta

177 4359 384 4426 scribendum
428 4384 516 4428 esse:
554 4359 599 4442 ὡς
631 4359 748 4452 σφόδρ’
791 4364 859 4432 ἐστὶ
891 4359 1063 4456 σύμφορον
1101 4363 1139 4434 τό
1175 4368 1275 4455 μηδὲν
