3090 5138
269 1105 388 1170 Mirum
420 1114 470 1169 est
501 1115 590 1170 tanto
619 1114 751 1193 poetae,
777 1113 915 1190 quantus
946 1113 996 1170 est
1020 1103 1267 1192 Aristophanes,

169 1214 356 1301 philologos
387 1214 493 1278 adhuc
524 1215 606 1279 adeo
630 1215 790 1296 defuisse,
819 1225 854 1278 ut
884 1214 1037 1298 neglecta
1061 1213 1166 1300 prima
1188 1213 1267 1278 artis

168 1323 299 1387 criticae
332 1323 408 1407 lege
434 1323 564 1409 optimis
583 1323 765 1388 ‘codicibus
792 1323 838 1387 uti
863 1323 995 1410 quidem
1018 1323 1160 1406 vellent,
1185 1344 1267 1409 quae

167 1455 246 1496 vero
261 1419 347 1496 inler
359 1454 414 1496 eos
426 1432 648 1496 intercederet
661 1433 743 1497 ratio
757 1454 915 1516 quaerere
928 1431 1124 1498 omitterent.
1147 1431 1268 1513 Quam-

168 1564 264 1627 quam
290 1541 444 1624 fuerunt,
466 1540 522 1624 qui
546 1541 640 1605 huius
667 1541 864 1623 quaestionis
885 1541 1113 1606 necessitatem
1137 1541 1267 1628 penitus

170 1651 398 1736 persentirent,
423 1649 503 1736 ipse,
523 1674 542 1713 a
565 1672 627 1733 quo
651 1673 738 1714 nunc
760 1672 902 1715 summos
925 1650 1066 1716 honores
1090 1659 1176 1737 peto,
1198 1650 1269 1738 phi·

169 1759 384 1846 losophorum
420 1759 642 1826 Bonnensium
679 1758 759 1822 ordo
797 1769 872 1823 ante
909 1759 968 1822 hos
1007 1781 1126 1845 paucos
1165 1783 1268 1828 annos

168 1867 312 1952 praemio
342 1866 512 1952 proposito
538 1867 767 1930 adulescentes
798 1865 833 1930 in
856 1866 916 1930 hac
945 1865 1113 1931 literarum
1135 1867 1269 1934 univer·

168 1975 261 2040 sitate
283 1975 488 2062 philologiae
517 1975 680 2040 studiosos
703 1976 846 2040 excitare
871 1975 1003 2057 studuit,
1023 1985 1060 2040 ut
1082 1963 1164 2062 quae
1185 1977 1268 2042 ratio

167 2083 390 2148 intercederet
421 2083 507 2148 inter
537 2084 758 2149 Ravennatem
791 2093 824 2146 et
845 2082 1011 2147 Venetum
1038 2082 1268 2171 Aristophanis

169 2192 300 2258 codices
325 2193 575 2278 investigarent3
600 2202 633 2255 at
664 2192 794 2258 frustra.
840 2191 913 2275 Ego
945 2213 1023 2256 vero
1046 2213 1089 2255 ex
1122 2215 1186 2278 quo
1213 2215 1270 2258 co-

168 2301 268 2386 gnitis
291 2302 370 2367 artis
392 2301 523 2366 criticae
544 2302 675 2388 legibus
699 2301 868 2388 praeclaro
891 2311 1008 2386 poetae
1031 2323 1164 2389 operam
1190 2303 1268 2368 dare

171 2410 275 2498 coepi,
297 2432 397 2497 aegre
412 2409 592 2476 desideravi
615 2409 747 2474 firmum
764 2409 915 2495 beneque
938 2409 1131 2496 dispositum
1152 2411 1268 2476 funda·

172 2531 317 2585 arentum
338 2519 496 2584 criticum.
541 2519 608 2584 Sed
634 2520 739 2584 fateor
759 2519 800 2582 ad
822 2519 904 2583 hanc
929 2519 1152 2606 quaestionem
1176 2544 1267 2586 acce·

174 2630 251 2693 dere
274 2629 330 2692 diu
357 2649 409 2693 me
432 2628 639 2693 dubitavisse.
684 2628 802 2715 Neque
825 2631 913 2694 enim
932 2629 1029 2694 facile
1052 2654 1071 2694 a
1097 2652 1148 2695 me
1168 2629 1269 2717 impe-

154 2749 261 2802 ‘trare
273 2748 431 2826 poteram,
444 2747 480 2800 ut
494 2737 527 2802 in
540 2737 748 2802 librariorum
762 2738 904 2825 peccatis
915 2738 1125 2804 recensendis
1139 2749 1269 2826 tempus

112 2885 114 2892 ι
175 2867 411 2928 consumerem,
436 2855 468 2910 et
492 2845 547 2910 diu
562 2849 730 2932 sperabam
749 2848 819 2911 fore
842 2858 878 2911 ut
902 2849 1058 2934 adparatu
1082 2848 1195 2913 critico
1212 2849 1272 2913 hac

176 2957 248 3020 luce
272 2956 372 3040 digno
395 2955 524 3019 tandem
541 2955 714 3042 aliquando
738 2955 824 3019 edito
843 2956 940 3021 etiam
963 2956 1057 3022 huius
1073 2958 1271 3042 quaestionis

176 3066 324 3129 molestia
347 3075 379 3129 et
403 3064 578 3129 difficultas
600 3065 773 3129 levaretur.
803 3067 872 3131 Iam
895 3066 978 3131 illud
1002 3067 1146 3131 taedium
1166 3069 1272 3155 posui,

175 3175 370 3240 conlationis
389 3197 467 3238 vero
489 3174 684 3240 Ravennatis
709 3182 741 3239 ct
753 3175 874 3239 Veneti
895 3176 1123 3241 Bekkerianae
1142 3178 1273 3265 plenio-

175 3306 364 3369 remquam
399 3305 480 3366 quae
508 3265 550 3347 ex
579 3283 742 3349 Diodorfii
779 3284 920 3348 editione
950 3283 1133 3352 Oxonionsi
1166 3286 1273 3372 parari

174 3402 303 3480 poterat
334 3391 483 3456 notitiam
509 3391 549 3457 Ο.
575 3391 680 3456 Iahnii
712 3393 900 3458 liberalitati
921 3394 1048 3479 debeo,
1071 3395 1272 3462 deteriorum

174 3511 284 3566 autem
307 3500 456 3564 codicum
490 3502 648 3565 lectiones
675 3502 735 3566 etsi
765 3503 797 3566 in
828 3503 1017 3568 universum
1040 3504 1136 3568 valde
1160 3505 1273 3572 dolen·

145 3601 151 3612 ’
177 3611 252 3674 dum
282 3618 419 3674 estnon
442 3631 554 3674 omnes
577 3619 670 3673 notas
701 3633 781 3692 esse,
803 3621 914 3676 tamen
938 3611 978 3676 ad
999 3613 1168 3696 rationem,
1191 3635 1274 3700 quae

175 3721 261 3784 inter
283 3719 423 3806 optimos
439 3717 621 3782 intercedat
645 3719 784 3801 codiceS,
806 3719 1023 3786 definiendam
1042 3744 1097 3786 eas
1119 3723 1273 3788 sufficere

19 3908 23 3917 Ι
106 3889 111 3906 ,
179 3827 337 3908 intellexi,
362 3848 445 3913 quae
468 3826 684 3891 inDindorlii
708 3830 850 3892 omniurn
874 3829 1056 3894 fabularum
1079 3831 1274 3918 Oxonieusi,

174 3937 208 4001 in
234 3935 381 4000 eiusdem
401 3933 554 4019 Equitum
568 3934 664 4000 Pacis
676 3936 839 4001 Rauarum
852 3937 1086 4024 Lipsiensibus,
1109 3940 1143 4004 in
1159 3940 1274 4006 Thiar·

175 4044 256 4108 schii
281 4041 369 4108 Pluti
396 4042 540 4108 editione
572 4043 743 4109 adnotatae
775 4054 858 4110 sunt.
903 4046 1019 4132 Itaque
1042 4049 1193 4114 constitui
1219 4049 1274 4114 de·

175 4177 263 4218 mum
289 4154 372 4218 hanc
393 4175 462 4216 rem
497 4147 723 4238 gravissimam
747 4155 781 4219 in
811 4155 967 4220 iudicium
989 4179 1107 4222 vocare
1140 4168 1173 4222 et
1201 4180 1274 4224 sen·

175 4265 312 4328 tentiam
334 4283 440 4326 meam
462 4284 535 4326 cum
557 4262 743 4328 hominibus
766 4264 868 4328 doctis
892 4268 1142 4332 communicare.

624 4407 827 4426 ..Ἣ

1059 4453 1073 4508 1
